3092 5258
694 495 952 592 ‘aee-

317 682 488 749 sitantum
510 683 647 764 ueritus,
660 668 662 678 ’
676 701 716 746 ne
738 683 876 748 seruitus
896 682 981 748 Titio
1005 668 1184 764 deberetur,
1216 681 1272 746 illa
1292 679 1391 746 uerbe
1420 718 1422 726 ι

316 797 372 864 illa
392 797 491 865 uerba
511 798 633 864 adiecit.
675 797 763 864 Nulli
775 799 868 863 *enirn
890 819 970 864 seno
992 799 1025 863 in
1042 803 1178 864 mentem
1201 799 1310 864 uenire
1330 819 1391 884 po-

316 915 407 1000 terit,
440 915 625 981 semitutum
654 915 749 980 alieni
775 917 932 1003 recipere,
969 915 1019 982 eui
1041 937 1107 983 nou
1126 920 1256 1004 propter
1277 933 1390 1001 quam«

315 1031 393 1096 libet
415 1049 543 1098 eausam
566 1031 605 1096 ad
628 1033 813 1098 seruitutem
834 1033 1057 1118 praestandam
1080 1032 1238 1116 obligatus
1261 1035 1318 1096 eet.

732 1269 968 1284 m
1052 1270 1055 1279 r

315 1505 377 1574 EX
391 1506 458 1592 ΕΟ,
475 1506 594 1588 QVOD
610 1506 881 1608 snuvruvrus
893 1507 940 1574 ΙΝ
951 1495 1389 1576 mlunnrrounrunn-

314 1622 487 1691 DIORVM
519 1623 680 1692 DEDVGI
701 1623 899 1693 POSSVNT
928 1623 1043 1707 QVAE
1069 1623 1387 1694 GOLLEGANTVR

306 1745 312 1750 ’
383 1739 529 1822 Qvouu
552 1739 766 1808 NATVRAM
788 1740 1071 1810 SERVITVTVM
1097 1737 1326 1810 summram
1359 1773 1362 1780 ⁴

367 1847 374 1854 ’
721 1855 987 1928 EXPONITVR.
1075 1913 1084 1922 β

763 2017 903 2028 --au—t--h--a

400 2149 485 2234 Cap.
507 2147 628 2216 XVIII.
673 2147 820 2214 Ostendit
831 2109 1048 2234 exemplorum
1062 2147 1223 2234 superiore
1246 2109 1388 2242 ‹lisputa-

313 2263 402 2368 tione
424 2264 591 2332 allatorum
622 2267 713 2354 eopia
742 2288 779 2332 ae
801 2266 996 2351 multitudo„
1014 2285 1107 2350 quam
1130 2285 1223 2350 saepe
1245 2264 1317 2348 illa,
1347 2263 1385 2328 de

187 2373 195 2385 ’
314 2400 379 2464 qua
400 2386 510 2446 nostra
538 2384 774 2449 commentatio.
789 2387 852 2468 est,
886 2383 1031 2448 deductio
1055 2381 1243 2446 seruitutum
1264 2380 1297 2444 in
1319 2380 1387 2445 uita

314 2494 462 2594 Romana
482 2501 681 2584 usuuenerit:
704 2521 798 2586 quam
820 2501 984 2587 multiplex
997 2519 1152 2588 quamque
1165 2498 1273 2564 uarius
1294 2496 1388 2562 luerit

215 2593 218 2599 ¹
316 2613 383 2678 eius
414 2613 609 2682 deductionis
636 2637 724 2682 usus.
768 2616 871 2706 Supra
897 2618 959 2682 iam
983 2617 1124 2682 dedimus
1154 2635 1282 2702 operam
1299 2609 1388 2698 ¹⁰⁶),

315 2734 351 2795 ut
369 2731 591 2817 probaremus,
614 2737 645 2798 et
665 2735 760 2799 liceat
780 2735 841 2800 hoe
862 2735 932 2800 loco
947 2733 1076 2798 iterare:
1102 2739 1169 2798 erat
1190 2733 1268 2798 haee
1290 2731 1390 2796 dedu-

316 2847 407 2912 cendi
434 2849 535 2944 forma
555 2851 723 2935 peculiaris
754 2851 942 2917 semitutum
971 2855 1002 2914 et
1023 2850 1169 2939 proprius
1192 2850 1388 2914 constituen-

315 2965 426 3032 darum
445 2967 573 3052 modus,
602 2967 635 3032 id
666 2969 750 3053 quod
777 2968 841 3034 iam
871 2989 911 3032 ex
938 2989 974 3032 eo
992 2956 1158 3033 'eoniieere
1186 2967 1275 3060 lieet,
1304 2965 1389 3050 quod

256 3144 261 3157 ,
315 3087 419 3148 cetera
438 3082 509 3148 iura
523 3085 556 3148 in
577 3105 621 3170 re,
644 3105 740 3170 quum
752 3083 958 3172 prouuldubio
982 3087 1074 3170 pacto
1091 3083 1213 3148 adieeto
1235 3083 1269 3147 in
1282 3095 1389 3147 rerum

190 3191 192 3196 ’
314 3198 558 3278 alienationibus
589 3202 739 3268 constitui
765 3205 912 3290 possent,
941 3205 1046 3264 tamen
1067 3220 1224 3285 nusquam
1247 3198 1390 3264 dieantur

313 3315 426 3402 recipi,
449 3317 565 3404 excipi,
589 3303 901 3406 detrahijseparari,
925 3317 1036 3383 deduci
1057 3322 1109 3380 rel.
1129 3313 1217 3398 ¹⁰¹).
1258 3315 1388 3381 Iduum

315 3436 448 3519 constet,
471 3455 508 3500 er
521 3436 619 3500 altera
633 3439 721 3524 parte
736 3457 801 3501 non
812 3435 1045 3519 negligendum,
1068 3433 1153 3520 quod
1166 3432 1291 3498 etiamsi
1304 3451 1390 3532 noua

315 3550 451 3618 seruitus
475 3553 626 3634 constitui
646 3553 850 3636 intellegatur
871 3556 998 3638 recepta
1021 3551 1190 3635 seruitute,
1219 3554 1326 3615 tamen
1347 3547 1391 3632 id,

1381 3638 1384 3647 μ

254 3666 255 3670 ’
314 3667 399 3752 quod
421 3673 469 3734 est
489 3669 701 3752 inseruitute,
714 3669 862 3734 uenditor
883 3669 951 3735 iure
963 3667 1094 3734 dominii
1115 3669 1208 3732 autea
1224 3643 1394 3738 habuerat

313 3782 509 3870 Principibus·
528 3785 624 3870 igitur
650 3805 706 3870 per
735 3806 803 3850 eam
826 3786 1045 3852 deductionem
1068 3783 1241 3850 dominium
1256 3769 1389 3847 'minue-

312 3899 405 3967 batur
426 3906 458 3966 et
481 3902 542 3980 tale
570 3903 634 3968 iam
662 3902 856 3968 deminutum
885 3901 1142 3986 transferebatur,
1170 3921 1235 3966 non
1256 3901 1404 3986 plenum*

311 4016 500 4104 principitus
525 4017 771 4092 transferebatur
794 4023 825 4084 et
845 4023 920 4084 tune
942 4020 1129 4085 translatum
1152 4017 1304 4084 seruitute
1326 4017 1389 4082 im-

311 4134 416 4221 posita
444 4134 653 4202 minuebatur.
695 4135 895 4204 Remanebat
916 4137 1021 4202 statim
1043 4135 1127 4222 apud
1149 4155 1229 4220 eum,
1252 4133 1306 4218 qui
1327 4133 1392 4237 ali-

311 4367 398 4444 job)
417 4369 531 4431 (li-eeu.
550 4370 594 4420 111.
613 4369 661 4432 llll
679 4370 755 4421 nulus
771 4369 893 4432 disputet.

327 4458 397 4543 lor)
416 4476 455 4528 cr.
473 4477 598 4530 umam
616 4477 634 4529 r.
652 4490 675 4528 o.
833 4463 839 4478 “
