3092 5258
450 525 454 538 .
590 614 592 619 t
720 601 730 616 ἱ
777 538 816 552 -
859 499 901 582 38
941 537 980 552 .-
1077 501 1081 516 ⁸

348 635 535 770 significari:
553 707 632 757 neu
651 650 737 772 quod
751 706 823 772 ‹pro-
836 685 939 754 diuiso
959 639 1183 770 noroensis,
1204 684 1238 753 id
1256 705 1323 754 non
1343 705 1422 770 par-

348 806 411 872 iffl
443 805 504 873 ⁵0⁴1
536 808 637 874 totum
668 807 811 874 nestrum
844 825 923 872 esse.
967 799 1102 875 Sserrrs
1131 825 1196 873 non
1223 798 1423 886 ineleganter

346 919 446 1004 pertis
468 922 680 1007 appellatione
699 924 865 1008 utrumque
888 919 1087 1006 significaris
1145 967 1149 974 .

429 1052 500 1135 9¹¹⁸
530 1057 564 1121 in
594 1057 810 1138 conuenersie
837 1055 948 1124 Srnvu
977 1055 1117 1123 Sennrcn
1143 1054 1227 1120 err
1259 1055 1423 1120 sententie
1450 1078 1453 1083 ·
1516 1069 1517 1108 l

347 1171 564 1256 praeualuisse
593 1175 733 1255 uidetur,
768 1174 814 1238 ita
839 1177 876 1240 ut
905 1173 997 1240 nobis
1019 1193 1084 1238 non
1104 1191 1196 1258 raro,
1229 1173 1356 1258 quando
1380 1173 1421 1237 de

258 1284 259 1292 ’
347 1289 487 1376 pertibus
508 1291 568 1359 ΙΟ·Ι
589 1290 729 1358 Romani
749 1293 936 1377 loquuntur,
966 1289 1131 1376 diligenter
1159 1291 1201 1356 stt
1221 1290 1423 1376 perpenden*

343 1404 432 1492 dum,
462 1413 567 1476 utrum
587 1429 644 1497 pro
667 1408 770 1475 diuiso
791 1429 832 1474 an
852 1429 909 1496 pro
931 1409 1195 1494 iudicine-pestes
1215 1408 1419 1490 intellegent.

254 1529 287 1596 ’,
350 1523 507 1605 emensa
548 1549 588 1593 ne
631 1527 801 1612 quidquam
841 1526 928 1592 dubii
970 1527 1177 1612 relinqueret,
1215 1519 1421 1608 accuratiore,

349 1661 443 1728 quern
472 1664 551 1731 opus
582 1663 651 1712 esne
679 1644 853 1728 uideretur,
887 1644 926 1708 in
944 1647 976 1721 ς·
1004 1648 1019 1708 1
1042 1644 1144 1710 nostri
1171 1642 1350 1727 tregrnenti·
1366 1661 1424 1708 en-

345 1761 503 1848 positione
523 1783 601 1828 usus
626 1765 675 1827 est
696 1761 866 1827 Verresne.

428 1897 572 1962 Ceterum
608 1917 647 1962 ex
675 1897 730 1961 illo
757 1896 794 1960 fr.
816 1895 857 1961 25
884 1917 909 1960 c.
935 1912 1001 1960 rem
1030 1895 1253 1979 cognoscimus
1276 1895 1345 1960 sine
1363 1893 1422 1959 illo

349 2033 425 2078 sane
448 2013 611 2080 obscurem
639 2013 792 2080 torturam:
835 2013 913 2080 10¹·-
935 2013 1100 2078 Romanos
1127 2013 1296 2099 plurimos,
1327 2016 1363 2078 ut
1385 2012 1424 2076 de

349 2131 490 2217 pertibus
499 2132 589 2200 tundi
607 2153 644 2200 ec
661 2131 698 2198 de
715 2132 934 2200 communione
955 2131 1045 2201 fundi
1065 2133 1280 2216 loquerentur,
1300 2131 1425 2198 etiarnsi

348 2248 379 2314 is
398 2249 480 2315 inter
500 2250 648 2334 eos‚‚qui
670 2250 748 2316 socii
769 2249 908 2332 inerant,
932 2250 1052 2316 diuisus
1073 2253 1175 2328 esset,
1196 2271 1235 2314 eo
1256 2247 1424 2336 praecipue

348 2366 463 2432 ductos
483 2387 570 2451 esse,
603 2366 702 2452 quod,
724 2367 799 2432 licet
819 2369 894 2432 tuuc
914 2367 1031 2433 fundus
1054 2366 1175 2439 diuisus
1197 2369 1296 2450 esset,
1318 2369 1424 2430 tumen

352 2504 449 2554 unum
469 2482 601 2558 tendum
623 2486 716 2551 antea
736 2481 850 2565 inisse,
872 2505 966 2570 quum
987 2488 1061 2552 tune
1084 2483 1219 2556 diuisum
1241 2504 1327 2566 esse,
1355 2503 1425 2550 rnu-

347 2601 396 2685 qis
427 2601 619 2688 spectabunt.
671 2599 739 2666 Nee
777 2621 886 2686 porum
918 2602 979 2668 huc
1003 2602 1124 2668 'fecisse
1159 2601 1301 2684 uidetis,
1339 2599 1424 2686 quod

306 2729 308 2737 ’
349 2717 439 2786 fundi
467 2720 601 2805 propriis
630 2719 813 2805 plerumque
834 2719 1014 2787 nominibus
1046 2718 1286 2805 appellabuntur
1314 2718 1426 2787 certis-

281 2832 283 2836 ’
350 2857 410 2922 que
432 2837 718 2906 deterruirrnbuntur
739 2836 870 2919 finibus,
891 2837 1039 2921 quodque
1060 2857 1119 2902 neo
1140 2835 1195 2903 illu
1215 2836 1345 2904 nomine
1365 2857 1424 2902 nec

350 2955 422 3020 illos
436 2954 530 3020 ¹*lines
547 2928 679 3038 stetim,
710 2954 738 3020 si
759 2953 957 3020 diuidebatur
978 2952 1160 3038 regionibus
1187 2953 1319 3035 fundus,
1348 2952 1424 3020 sub-

271 3071 278 3090 *
349 3073 416 3136 late
435 3091 564 3157 prorsus
587 3092 656 3139 esse
678 3072 924 3145 consentaneum
947 3075 1004 3136 est.
1046 3069 1201 3151 Quamuis
1227 3069 1338 3154 igitur,
1369 3070 1425 3154 qui

322 3182 328 3190 ’
350 3211 544 3258 conunrunem
566 3190 742 3261 habueruut
761 3188 907 3273 ferndum,
936 3200 1008 3256 euru
1031 3187 1212 3265 iamdudum
1234 3187 1423 3255 diuiserunt:
1514 3189 1515 3260 l

349 3311 538 3394 inuenero
567 3307 663 3377 sociis
690 3310 722 3376 et
738 3309 821 3392 ,poet
835 3305 1025 3373 diuisionem
1046 3305 1147 3372 habiti
1168 3327 1239 3388 esse
1266 3307 1423 3374 uidentrr.

232 3474 234 3486 ι
348 3425 391 3500 Et
411 3430 513 3494 reete
548 3425 676 3514 quidem
704 3423 864 3492 nonnullis
899 3422 1033 3493 fortusse
1065 3424 1207 3520 casibus:
1247 3442 1337 3496 nom·
1357 3445 1422 3510 eos,

350 3543 404 3628 qui
426 3563 624 3618 comminuens
642 3542 774 3610 fundum
799 3541 981 3620 regionibus
1009 3541 1168 3625 diuideret,
1204 3556 1268 3609 nen
1301 3563 1422 3628 semper
1513 3591 1514 3616 q

255 3655 258 3662 ’
348 3662 610 3756 praesumendum
647 3662 695 3729 est
726 3659 764 3725 ab
792 3659 879 3728 omni
905 3659 1126 3727 communione
1154 3661 1232 3726 iuris
1262 3659 1422 3726 discedere

348 3780 440 3846 uelle.
483 3777 610 3846 Etenim
631 3797 724 3862 saepe
743 3776 778 3844 id
794 3780 913 3862 egunt,
933 3780 969 3842 ut
990 3776 1168 3845 dominium·
1185 3777 1312 3862 quidem
1333 3777 1423 3844 tundi

176 3981 179 3988 y
350 3897 444 3982 quale
472 3896 574 3962 adhue
596 3895 772 3962 habuerunt
792 3913 848 3980 pro
871 3893 1008 3960 indiuiso
1031 3895 1202 3962 retineant:
1247 3895 1305 3962 sed
1323 3874 1436 3992 ipsiusx

222 4043 224 4053 ⁴
351 4013 481 4082 dominii
503 4033 595 4082 usum
617 4016 648 4078 et
667 4012 797 4096 fructur,
820 4031 915 4096 quum
935 4011 1038 4080 nolint
1056 4012 1092 4078 in
1113 4033 1278 4084 commune
1291 4012 1419 4082 lendum
1512 4009 1513 4034 ³

350 4134 468 4216 colere,
496 4132 578 4200 inter
599 4133 744 4214 seponto
767 4129 918 4197 duddan
961 4129 1087 4198 Rursus
1110 4152 1126 4196 e
1149 4132 1305 4201 contario
1328 4148 1419 4216 saepe

351 4251 491 4332 eueniet,
522 4253 558 4315 ut
585 4248 774 4314 contrarium
802 4245 970 4312 diuidendo
998 4248 1095 4314 fundo
1124 4249 1305 4334 regionibus
1328 4253 1420 4334 egunt

351 4369 512 4455 nolintque
541 4369 645 4453 ipsum
677 4364 848 4430 dominium
880 4363 971 4430 iundi
1002 4362 1156 4436 diuiderer
1195 4387 1256 4452 quo
1291 4371 1322 4434 ct
1353 4368 1416 4454 ipso

353 4507 429 4554 cusu
449 4520 491 4537 --
507 4481 659 4586 ’quemuis
679 4505 715 4550 eo
728 4480 948 4570 ·oertissimuin
969 4489 1033 4570 est,
1058 4485 1187 4555 *scoies
1201 4485 1326 4572 proprie
1338 4525 1342 4533 ·
1356 4505 1417 4570 ees,
