3092 5258
591 495 864 604 *eo-9

155 687 221 752 tem
243 674 404 771 seponere
424 675 561 770 possim:
594 684 666 765 sed,
700 688 737 751 nt
756 700 857 772 supra·
874 683 1025 768 duint,
1059 678 1123 747 nisi
1142 676 1228 746 totae

154 803 325 868 seruitutes
358 819 514 868 essenon
543 803 769 886 intelleguntur
793 821 896 888 neque
923 800 985 866 nisi
1006 799 1103 866 totins
1123 794 1228 864 fundit

155 940 231 1004 ergo
262 941 320 1006 ego
351 921 439 986 solus
472 941 511 986 ex
533 920 627 986 sociis
650 920 810 1006 acquirere
832 915 990 984 communi
1008 915 1106 984 inndo
1128 913 1231 980 serni*

155 1040 256 1102 tntem
288 1036 376 1104 nullo
408 1038 502 1104 modo
531 1059 670 1126 possum.
714 1040 815 1124 Atque
843 1035 988 1104 similiter
1008 1053 1048 1109 ne
1069 1037 1143 1102 nim·
1159 1031 1230 1117 qui-

154 1154 287 1240 dem‚·si
307 1175 366 1241 ogo
387 1155 531 1241 proprias
554 1157 641 1224 solns
663 1156 756 1224 aedes
778 1154 904 1235 hebeop
920 1157 954 1220 ln
975 1171 1083 1251 earnm
1103 1149 1229 1226 aedium

152 1273 276 1357 portem
298 1273 455 1356 quendem
475 1293 532 1362 pro
553 1273 690 1342 indiuiso
714 1295 735 1339 n
753 1293 803 1341 me
825 1275 981 1353 emtnrns,
1011 1289 1113 1354 eoque
1134 1267 1228 1337 modo
1321 1251 1326 1260 ¹

153 1386 189 1454 in
209 1389 460 1456 commonionem
471 1412 594 1458 meeum
610 1395 764 1460 uenturus
784 1389 829 1456 sis
848 1423 890 1441 *-
912 1389 967 1474 qni
988 1387 1113 1473 quidem
1136 1405 1230 1454 eosne

155 1509 189 1582 §⁰
214 1506 243 1570 1Ὶ
260 1505 496 1600 interpretando
517 1509 694 1576 continetur
715 1545 756 1560 -
777 1507 1004 1577 serndtusnlle
1024 1505 1058 1572 in
1079 1503 1232 1572 tradenda

152 1641 192 1688 ea
222 1627 320 1708 pente
346 1625 496 1692 constitui
527 1628 651 1714 poterit.
693 1625 776 1692 Nem
804 1624 869 1692 nisi
896 1624 957 1692 toti
976 1623 1106 1712 praedio
1129 1621 1231 1692 semi*

151 1743 205 1806 tus
227 1742 376 1810 constitui
396 1765 462 1808 non
483 1749 604 1831 potest,
626 1744 762 1830 indeque
783 1746 963 1828 praeterea,
991 1741 1020 1808 si
1045 1741 1228 1830 admitteres

153 1856 316 1926 seruitutis
339 1860 605 1946 constitutionem,
626 1863 659 1930 id
680 1861 852 1930 absurdum
871 1863 1115 1928 consecuturum
1136 1862 1229 1944 esset,

154 1979 191 2048 uo
211 1976 371 2064 mihiipsi
392 1999 448 2060 pro
470 1983 558 2066 perte
580 2001 650 2046 mee
672 1979 858 2046 seruitutem
879 1979 1117 2049 constituerem.

236 2126 302 2194 sed
322 2129 422 2214 uides,
444 2149 503 2198 nos
526 2131 553 2196 si
571 2133 609 2197 de
624 2137 712 2219 parte
728 2133 896 2216 loquamur
907 2129 1005 2216 pertis
1020 2127 1230 2215 appellatione

151 2249 274 2332 partem
291 2262 294 2272 ⁴
314 2266 371 2334 pro
412 2247 549 2314 indiuiso
588 2249 700 2315 dieere.
749 2249 877 2314 Partem
912 2242 994 2314 enim
1032 2265 1088 2333 pro
1125 2245 1228 2312 diuiso

154 2363 280 2450 proprie
301 2369 422 2451 partem
443 2387 507 2432 non
529 2387 616 2451 esse,
648 2367 704 2432 sed
731 2370 852 2453 partem
883 2369 987 2432 tamen
1017 2361 1229 2452 appellarint

153 2486 230 2563 eam}
251 2501 396 2566 oensem,
428 2485 512 2568 qnod
541 2489 710 2570 antequem
739 2483 931 2550 diuideretur
952 2500 1026 2572 pars
1054 2483 1132 2568 fnit,·
1162 2501 1229 2547 non

154 2600 240 2684 quod
260 2619 334 2686 pars
357 2601 459 2668 adhue
481 2606 544 2667 est:
567 2603 627 2668 hoe
647 2601 728 2668 bene
749 2601 828 2668 10¹⁰·
848 2599 1012 2666 Romanos
1033 2601 1228 2666 intellexisse
1343 2671 1346 2676 ,

152 2737 191 2782 ex
217 2721 328 2782 nostra
344 2723 389 2816 15?
416 2720 435 2784 1
463 2724 557 2806 petet.
600 2717 681 2785 Nam
709 2724 837 2808 propter
861 2719 895 2784 id
915 2719 1019 2806 ipsum
1048 2719 1132 2803 qnod
1153 2735 1226 2804 pars

151 2853 208 2920 pro
230 2834 333 2901 diuiso
354 2840 455 2901 totum
477 2841 526 2902 est
547 2841 579 2901 et
596 2855 652 2924 per
673 2857 708 2902 se
729 2823 855 2902 extans:
883 2837 955 2902 ideo
978 2838 1139 2904 Virinnvs
1161 2840 1228 2902 sta-

151 2951 210 3016 tnit
232 2971 319 3032 eumn
348 2953 402 3039 qni
425 2953 560 3019 fundum
588 2951 770 3038 regionibns
793 2957 848 3019 ant
868 2955 961 3020 aedes
982 2955 1101 3042 pariete
1122 2953 1225 3019 medio
1343 2992 1344 3001 κ

150 3069 315 3135 aedificato
346 3071 490 3136 diuisent
519 3076 550 3136 et
578 3072 726 3158 partium·
739 3071 814 3136 inde
842 3071 1022 3138 effectarum
1043 3091 1100 3160 pro
1123 3071 1227 3138 diuiso
1289 3116 1294 3134 ,

120 3194 124 3202 “
151 3185 282 3251 alterum
304 3189 423 3273 tradet,
451 3192 535 3253 reete
557 3189 740 3256 seruitutem
761 3189 1020 3274 eonstitntmnm3
1056 3189 1130 3275 qnia
1151 3193 1226 3254 tune
1279 3169 1286 3194 '

151 3303 214 3369 itm
236 3323 301 3370 non
323 3325 381 3392 per
400 3311 506 3392 partes
529 3306 649 3392 acquiri
668 3297 814 3372 uideatur
835 3307 987 3391 seruitus,
1016 3307 1225 3393 sedulisque
1343 3375 1345 3391 ¹

148 3441 222 3507 pers
243 3441 377 3488 unarum
398 3420 524 3489 eedinm
545 3425 616 3490 loeo
637 3423 783 3489 habende
804 3423 855 3489 sit.
898 3423 990 3506 Quod
1011 3426 1137 3511 quidem
1159 3415 1224 3490 tem
1352 3440 1354 3450 ·

149 3541 267 3606 olerum
289 3559 401 3626 perse
423 3546 481 3625 est,
502 3546 539 3607 nt
558 3542 689 3606 miretur
709 3541 854 3607 fortassis
877 3543 1042 3630 quispiam,
1064 3529 1243 3628 qnomodo'
1307 3595 1311 3599 .

115 3628 274 3723 'tandem
295 3659 457 3723 Vnelsnvs
486 3657 526 3723 ad
556 3677 592 3723 ea
625 3658 814 3745 exponenda·
836 3659 949 3724 duetus
968 3655 1037 3726 sill
1080 3661 1143 3727 Sed
1172 3661 1223 3726 nl·
1318 3641 1321 3649 ¹

149 3775 261 3841 lentnr
282 3769 342 3842 Ii}u
363 3774 502 3842 Romani
520 3795 585 3841 non
607 3780 699 3842 terta*
713 3777 848 3860 quedem
870 3780 901 3841 et
922 3778 1086 3843 constanti·
1100 3777 1224 3844 ratione

147 3893 245 3980 pertis
266 3913 381 3960 nomen
404 3911 557 3978 ususpare
580 3891 665 3958 soliti
681 3914 761 3978 esse,
783 3893 877 3959 immo
894 3893 1096 3982 disceptasse,
1118 3891 1222 3962 nt‘rnm

148 4011 201 4096 qni
217 4013 336 4096 partem
356 4010 482 4094 diceret,
503 4014 624 4098 partem
645 4029 702 4096 pro
724 4010 861 4076 indiuiso
884 4010 1114 4097 intellegendus
1136 4019 1223 4078 esset

147 4127 279 4211 dixisse,
314 4147 354 4193 an
384 4127 479 4192 etiam
505 4133 626 4214 partem
648 4147 705 4214 pro
727 4127 829 4193 diuiso
852 4131 971 4212 partem
994 4130 1097 4196 adhue
1110 4130 1222 4196 diesne

146 4245 262 4312 llneret.

225 4361 279 4427 Fr.
300 4359 340 4425 25
364 4367 391 4440 ς.
413 4362 432 4426 1
454 4361 493 4426 de
514 4361 553 4428 V.
577 4359 610 4426 S.

147 4474 306 4562 „Quum
329 4477 458 4545 Mvonvs
480 4479 531 4544 nit
553 4479 653 4566 pertis
681 4477 892 4566 appellatione
912 4497 978 4545 rem
995 4497 1062 4566 pro·
1079 4479 1217 4547 indiuiso
