3092 5258
282 618 401 706 paratis
421 638 458 682 ac
479 619 630 702 quaesitis
651 619 714 684 iam
738 623 772 684 iu
799 618 1045 707 iurisprudcntia
1066 623 1180 710 copiis,
1207 625 1359 709 quemad·

281 755 409 821 modum
431 752 598 839 debebam,
620 773 698 820 usus
719 754 799 840 sim,
821 774 949 822 uereor:
988 758 1093 821 tamen
1114 778 1179 823 uon
1200 759 1358 842 ingratum

283 911 396 959 munus
418 910 522 956 meum
543 889 600 956 tibi
621 892 749 977 propter
769 889 938 971 uilitatem,
968 890 1025 956 sed
1046 882 1210 980 acceptum
1230 898 1358 982 propter

257 1007 260 1012 ⁵
284 1028 422 1096 animum
445 1025 606 1092 offerentis
628 1025 765 1093 tirturum
798 1045 868 1092 esse
889 1046 955 1092 non
975 1046 1106 1112 possum
1135 1049 1200 1095 non
1222 1050 1357 1118 sperare.

284 1164 372 1248 Quae
394 1185 434 1230 ne
454 1183 504 1228 me
524 1161 672 1228 fefellerit
693 1181 783 1249 spes,
807 1182 846 1227 er
865 1161 977 1227 intimo
998 1163 1103 1230 animo
1126 1163 1227 1252 cupio.
1246 1149 1249 1156 ⁵

364 1300 414 1365 Ad
436 1297 726 1386 interpretationem
759 1298 864 1364 autem
883 1295 1050 1384 fragmenti
1079 1299 1160 1365 sexti
1182 1300 1360 1367 communia

283 1435 484 1525 praediorum
510 1431 709 1521 potissimum
739 1431 998 1499 conscribendam
1031 1433 1143 1500 ductus
1172 1455 1259 1520 sum,
1288 1453 1359 1501 oum

283 1594 367 1665 aune
389 1570 505 1640 abhinc
535 1569 679 1656 proximo
700 1568 743 1633 ill.
766 1567 843 1636 ordo
862 1567 899 1634 in
927 1568 1094 1644 academia,
1108 1569 1360 1662 AlbertinaRe-
1390 1587 1397 1608 r
1466 1581 1470 1599 ¹
1506 1524 1507 1536 ἵ

285 1705 468 1793 gimoutana
488 1702 602 1808 idm·
624 1705 707 1794 idem
723 1703 932 1790 fragmentum
953 1691 1222 1792 interpretandum
1237 1667 1358 1773 ciuibus

289 1845 355 1910 suis
383 1841 563 1909 certaminis
590 1839 721 1906 literarii
749 1840 936 1906 instituendi
970 1859 1067 1906 causa
1093 1841 1360 1908 commendasset:

286 1979 319 2045 iu
341 1978 429 2045 cuius
458 1989 587 2048 arenam
617 1977 762 2060 ingresso
793 1995 983 2062 quamquam
1012 1977 1162 2061 contigit,
1189 1979 1229 2042 ut
1257 1956 1359 2063 primo

286 2114 425 2203 praemio
448 2132 633 2195 coronarer,
653 2116 759 2178 tamen
780 2111 841 2178 hoc
862 2111 969 2176 nescio
988 2132 1028 2177 an
1048 2113 1149 2196 magis
1170 2111 1361 2178 humanitati

287 2250 510 2335 iudicantium,
532 2269 627 2339 quam
641 2247 787 2333 dignitati
802 2247 976 2335 scripturae
987 2267 1076 2313 meae
1097 2247 1297 2316 tribuendum
1311 2247 1362 2314 sit.
1419 2273 1423 2298 ‹
