3092 5258
532 463 733 536 ..41...

9 712 15 737 y
95 644 275 730 desierunt,
304 645 360 715 illo
388 649 528 734 tempore
550 669 612 734 quo
634 649 763 717 ultimus
787 647 1028 720 'ceditccssisse
1050 647 1175 748 possint
1230 622 1251 688 .'

95 765 247 848 intellegi.
288 765 438 850 Idemque
461 769 510 832 est
531 766 558 832 si
580 786 705 853 eorum,
727 769 840 853 quibus
863 768 1000 848 ceditur,
1022 769 1078 839 uni
1098 773 1188 861 autex

7 867 14 976 J
96 875 241 947 efficaces
263 881 363 948 lactas
390 882 502 948 ultima
523 883 666 950 cessione
688 887 808 972 priores
831 888 992 953 cessiones
1014 888 1076 952 tale
1093 887 1174 971 ,quid
1197 911 1200 920 ¹
1293 963 1298 970 ,
1368 901 1373 923 ·

12 986 17 992 ’
99 999 257 1066 acciderit.
719 1064 723 1074 ,
1017 1067 1032 1088 y,

8 1105 21 1214 J
111 1159 114 1169 ·
176 1117 273 1204 Cap..
288 1117 363 1206 ull.
405 1117 448 1184 Et
460 1117 559 1204 ipsam
583 1121 739 1204 regulam:
763 1121 847 1206 „Pro
868 1126 958 1209 parte
975 1143 1035 1192 noc
1053 1123 1173 1216 acquiri

9 1294 11 1321 ,
96 1255 155 1300 noc
164 1234 283 1320 imponi
294 1236 463 1302 senritutes
476 1235 592 1322 posse“
605 1238 780 1320 lacerant:
805 1241 853 1322 „si
865 1241 982 1312 alterae
995 1241 1089 1311 nnius
1097 1261 1172 1328 pro·

10 1440 13 1448 A
95 1351 183 1438 priae
195 1352 259 1417 sint
273 1353 376 1433 aedes,
399 1354 516 1418 alterae
532 1375 723 1440 communes,
745 1357 865 1422 neutris
881 1359 934 1428 uel
947 1359 1110 1443 acquirere
1121 1359 1173 1429 uel

7 1529 15 1568 ¹.
96 1469 268 1556 imponere.
286 1471 477 1542 seruitutem
496 1469 653 1557 possint,
682 1493 766 1540 nunc
786 1473 984 1560 probandum
1007 1480 1063 1542 est
1107 1474 1171 1542 Sed

96 1607 190 1671 caue,
212 1608 252 1656 ne
265 1588 351 1657 'haee
374 1589 435 1656 duo
457 1590 702 1675 praetermittas:
738 1592 881 1688 alterum,
904 1593 989 1678 quod
1009 1593 1170 1661 varrones

94 1703 136 1770 de
166 1705 319 1772 iaciendis
348 1707 495 1777 inuicem*
514 1708 616 1775 serus
643 1709 775 1778 aedibus
803 1711 836 1776 in
866 1711 973 1778 alteris
1007 1709 1169 1780 tradendis

7 1819 14 1926 ζ
77 1822 190 1907 loqui
205 1823 363 1908 putandus
385 1827 449 1905 est,
481 1825 614 1898 alterum
637 1827 722 1912 quod
744 1827 860 1895 diserte
882 1829 975 1894 dicit:
1006 1847 1083 1912 „me
1105 1847 1170 1906 uon

8 2025 12 2038 „
97 1939 228 2024 posse“,
250 1942 330 2010 non:
356 1925 429 2009 nos
451 1963 516 2016 non
537 1963 641 2029 posse.
684 1941 766 2011 Nam
787 1945 863 2030 quin
886 1967 944 2030 ego
967 1944 1046 2020 mais
1069 1944 1168 2024 solius

7 2051 13 2130 'f
95 2057 232 2144 propriis
259 2060 390 2142 aedibus
426 2082 471 2126 eu=
492 2081 679 2148 quocunque
713 2063 798 2130 tertii
824 2063 952 2149 praedio
967 2125 969 2132 .
983 2062 1167 2144 seruitutenr
1197 2141 1201 2146 Ι

97 2196 248 2262 quaerere
269 2178 573 2264 possim,:quamuis
596 2185 627 2244 et
648 2179 727 2247 alias
748 2181 831 2246 idem
847 2181 1058 2254 aedeshabeo
1081 2201 1169 2245 com-

7 2295 12 2302 '
96 2315 207 2362 munes
225 2317 295 2366 cuns
310 2299 409 2362 altero
425 2297 577 2382 quodam:
599 2297 660 2364 hoc
681 2313 772 2366 namo
788 2297 918 2364 dubitat
961 2297 1020 2364 His
1043 2279 1167 2377 demum

7 2393 12 2420 ³
96 2413 214 2480 finibus
234 2415 469 2502 circumscripta
483 2417 545 2506 >illa
566 2415 677 2481 uerba:
692 2416 749 2500 „si
761 2417 878 2482 alterae
892 2400 1167 2501 unilcproprioet‘

7 2513 12 2524 '¹
95 2536 148 2596 rel.
169 2551 246 2600 uera
265 2553 338 2604 esse
357 2538 388 2600 et
408 2511 538 2600 manne
558 2555 597 2600 ex
617 2535 742 2619 regula:
780 2553 837 2618 pro
859 2537 954 2619 parte.
969 2555 1028 2598 nec
1049 2533 1168 2620 imponi

95 2649 162 2716 nec'
177 2651 298 2738 acquiri
318 2672 412 2737 posse
434 2653 604 2721 seruitutos
627 2652 854 2718 contendimus.
886 2650 1168 2740 Taleigiturquid

8 2749 10 2776 ¹
96 2769 257 2866 Vnrrsurs
280 2771 547 2854 eogitatr'Vendo
570 2787 726 2854 egomeas
740 2770 884 2857 proprias
906 2769 1016 2846 aedes:
1038 2770 1079 2836 iis
1099 2787 1168 2840 ser,-

8 2889 10 2892 ’
96 2887 229 2954 uitntem
262 2889 423 2976 imponere
451 2890 542 2972 uolo,
574 2895 609 2954 ut
636 2888 777 2962 seruiant
806 2887 938 2956 retentis
971 2888 1041 2952 aliis
1070 2907 1089 2952 a
1116 2906 1166 2966 nne

8 3007 9 3012 ’
96 3003 227 3071 aedibus
250 3007 467 3073 communibus
491 3027 562 3071 cum
576 3007 675 3071 altero
698 3007 851 3092 quodam;
874 3007 927 3072 uel
949 3025 1056 3078 earum
1069 3025 1166 3081 eom-

8 3115 9 3118 ’
93 3123 236 3190 munium
255 3124 379 3193 aedium
409 3124 593 3190 seruitutem
613 3124 751 3192 uenditis
781 3143 980 3200 accessuram
1002 3123 1083 3204 dixi3
1113 3122 1166 3187 uel

92 3249 196 3306 msarn
225 3246 345 3327 partem
367 3261 424 3328 pro
448 3219 597 3330 ,indidiso
629 3241 841 3309 communium
870 3241 994 3311 aedium
1023 3240 1164 3306 uendens

94 3357 284 3428 seruitutem¹
306 3365 490 3446 recepturus
520 3383 590 3428 sum
615 3382 672 3446 pro
693 3360 772 3426 meis
795 3360 893 3425 solius
920 3359 1055 3445 propriis
1078 3357 1166 3424 aedi-
1255 3343 1260 3354 ’

42 3557 53 3582 ι
94 3462 172 3562 bns,
204 3497 282 3562 quas
311 3477 450 3546 retineo:
485 3479 531 3546 nil
559 3479 672 3544 horum
704 3478 844 3544 omnium
873 3476 1026 3561 consequi
1044 3479 1164 3564 potero.

92 3596 134 3658 At
156 3593 184 3658 si
206 3595 297 3662 ambo
320 3597 398 3664 socii
416 3615 596 3662 communes
620 3595 714 3662 aedes
736 3595 926 3669 ueudarnus:
961 3593 1091 3662 aedibus
1114 3593 1163 3673 iis,

95 3731 174 3796 quas
197 3712 357 3779 internos
380 3735 561 3786 communes
583 3713 786 3798 retinemus,¹
801 3719 885 3782 recte
907 3712 1091 3786 seruitutem
1112 3731 1164 3776 re·
1279 3707 1284 3714 '

93 3831 214 3916 cepturi
235 3849 363 3902 sumus..
396 3832 515 3899 Varum
535 3834 617 3918 finge
639 3832 672 3898 in
694 3832 912 3906 communibus
935 3831 1063 3899 asooiis
1084 3851 1181 3899 nen--

93 3949 205 4016 deudis
237 3949 563 4037 aedibusutrurnque
590 3952 673 4018 uelle
701 3950 783 4034 suis,
811 3970 890 4035 quas
911 3949 1043 4034 retinet,
1063 3947 1164 4017 solius

90 4067 226 4153 propriis
249 4068 380 4136 aedibus
402 4069 586 4136 seruitutem
606 4069 746 4154 recipere
768 4068 868 4132 nelle:
903 4067 1082 4152 plusculum
1104 4065 1164 4131 du-

91 4185 254 4251 bitationis
282 4207 333 4252 res
360 4185 464 4252 habet.
508 4188 573 4255 Sed
599 4187 700 4270 magis
722 4167 782 4272 est,
803 4188 839 4249 nt
859 4184 999 4270 recipere
1030 4184 1164 4270 possint,

92 4305 166 4389 quia
187 4303 248 4369 hoo
268 4325 359 4386 casn,
382 4309 417 4370 nt
438 4325 477 4370 ex
498 4309 533 4386 §⁰
556 4304 577 4371 2
598 4303 700 4369 nostri
715 4303 769 4370 Fu
787 4303 916 4387 elucet,
938 4323 994 4388 pro
1018 4301 1165 4374 unadno

89 4421 250 4488 tradentes
282 4443 419 4510 persona
447 4421 619 4501 habentur,
652 4439 757 4508 neque
788 4421 898 4504 regula
918 4420 1028 4494 ‚locum
1051 4418 1161 4486 habet:

937 4535 958 4604 6
