3092 5258
597 569 803 640 ..67-

159 755 316 822 libertatis
337 753 580 842 usucapionem,
603 751 698 818 simul
718 773 784 818 non
804 769 897 819 usum
927 749 1090 818 seruitutis
1112 748 1237 816 initium

159 893 280 959 capere,
302 893 362 938 nee
383 872 517 937 alterum
539 870 607 936 siue
631 872 729 937 altero
741 869 881 959 incipere
896 869 1029 955 eogitari
1049 889 1144 957 posse
1165 888 1236 934 rec-

159 989 280 1059 tissime
302 988 432 1056 dieeres.
475 987 514 1082 In
534 1009 657 1054 summa
678 1009 717 1055 ex
739 1009 777 1054 eo
797 989 883 1076 quod
898 985 1236 1054 assuefaciebantRo-

161 1106 247 1172 mani
270 1106 373 1172 dicere
395 1105 490 1170 etiam
512 1127 600 1192 eum,
629 1105 684 1191 qui
705 1105 913 1172 secundaneis
934 1105 1015 1190 illis,
1038 1124 1119 1190 quae
1142 1122 1239 1189 supra

159 1223 356 1308 uocauimus,
379 1224 552 1289 commodis
573 1243 630 1312 per
652 1223 837 1289 seruitutem
858 1222 1047 1309 prohibendi
1068 1221 1150 1287 datis
1171 1241 1238 1286 non

161 1344 313 1428 uteretur,
336 1339 405 1406 iure
427 1340 588 1406 seruitutis
610 1341 680 1428 ipso
692 1361 758 1407 uon
778 1341 835 1425 uti,
857 1339 974 1406 factum
997 1361 1067 1406 esse
1080 1343 1238 1426 putamus,

159 1463 195 1524 ut
215 1458 363 1524 notiones
371 1458 552 1551 nouutendi
564 1462 594 1523 et
609 1457 764 1524 libertatis
774 1459 976 1544 usucapionis
985 1458 1019 1522 in
1032 1457 1083 1522 his
1100 1455 1238 1522 seruitu-

161 1575 244 1642 tibus
254 1575 336 1641 inter
348 1595 382 1640 se
391 1575 636 1660 distinguerent:
650 1596 715 1642 non
724 1597 763 1642 ex
775 1575 1096 1642 internaseruitutum
1103 1576 1239 1641 rustica-

158 1713 230 1760 rum
252 1699 284 1758 et
303 1691 497 1759 urbanarum
514 1696 629 1759 natura
649 1694 736 1760 iilam
752 1694 987 1760 distinctionem
1009 1689 1237 1771 fluxisse¹¹')·

243 1809 322 1876 Inde
350 1813 454 1876 autem
481 1814 548 1876 tota
575 1809 631 1874 iila
659 1815 725 1876 tam
752 1832 883 1898 magua,
919 1831 1012 1907 quarn
1042 1809 1236 1878 intercedere

160 1927 236 1998 dicit
265 1927 370 2013 quoad
398 1948 507 1994 earum
527 1931 675 1994 naturam
696 1929 865 1996 seruitutes
887 1928 1025 1996 urbanas
1046 1931 1142 2010 inter,
1160 1945 1240 2013 quas

108 2069 113 2086 ³
160 2049 265 2129 uocat,
289 2048 321 2110 et
341 2045 475 2110 rusticas
489 2045 694 2129 Vsuunsow,
717 2047 793 2132 quin
813 2046 853 2112 ad
873 2047 996 2123 irritum
1018 2047 1125 2130 eadat,
1146 2059 1239 2111 nemo
1312 2124 1315 2132 1

162 2165 221 2242 est,
243 2163 384 2249 quinon
405 2162 521 2228 uideat.

244 2281 412 2346 Postremo
428 2283 532 2346 autem
547 2280 596 2358 iis,
619 2301 699 2366 quae
713 2280 752 2346 ab
763 2279 890 2347 Euenus
904 2279 990 2366 ¹¹⁸),
1012 2279 1144 2346 Kvnrzs
1161 2277 1235 2361 ¹¹⁰)

162 2398 336 2463 nouissime
365 2397 580 2484 disputantur:
615 2399 803 2464 semitutum
830 2399 899 2465 iura
927 2420 998 2465 esse
1027 2394 1238 2486 „primitiua‘f,

160 2535 271 2601 parum
283 2519 314 2580 et
327 2515 405 2599 ipsis
420 2515 579 2585 momenti:
586 2515 775 2586 tribuemus:
799 2537 936 2602 quonum«
943 2517 1045 2604 priori
1056 2519 1238 2584 monstrosa

161 2633 227 2710 illa,
250 2653 343 2718 quam
369 2632 497 2700 molitus
520 2637 585 2717 est,
613 2633 802 2700 semitutum
829 2635 959 2702 notione
989 2635 1030 2700 ad
1057 2635 1140 2699 hanc
1161 2652 1237 2720 pro-

160 2749 341 2835 ponendam
371 2749 560 2814 sententiam
588 2751 759 2834 adductus3
787 2753 944 2839 posterior
969 2751 1020 2817 his
1043 2751 1165 2818 duobus
1187 2751 1238 2815 in-

160 2866 269 2954 primis
293 2865 452 2932 erroribus
475 2867 623 2954 abreptus
646 2873 710 2952 est,
742 2889 823 2953 uno,
844 2873 880 2936 ut
900 2869 984 2934 idem
1007 2869 1169 2934 dominum
1189 2867 1236 2933 rei
1264 2897 1273 2904 ·

52 3015 57 3025 ·
161 2983 328 3049 seruientis
351 2984 493 3049 amittere
514 3003 560 3048 ex
590 3006 647 3051 suo
671 2985 811 3052 dominio
833 2986 926 3057 idem.
940 2987 1131 3052 dominantis
1154 2984 1239 3050 acci-

160 3121 235 3187 pere
257 3102 335 3167 duee
359 3099 505 3168 Serenus
529 3102 566 3182 (l.
590 3104 636 3180 e.)
660 3105 805 3201 negaret3
828 3104 938 3189 altero,
960 3107 996 3168 ut
1018 3103 1150 3168 dominii
1172 3123 1237 3168 non

161 3227 240 3284 eam'
252 3238 323 3284 esse
344 3220 506 3285 notionem
528 3219 589 3284 sibi
610 3219 825 3305 persuaderet,
846 3225 882 3286 ut
897 3220 1040 3287 abstrahi
1052 3217 1126 3286 inde
1144 3220 1238 3307 quid-

162 3357 255 3421 quam
287 3337 353 3401 ullo
383 3335 477 3403 modo
505 3340 623 3422 posset.
665 3335 748 3402 Nam
785 3337 813 3404 si
840 3338 873 3428 id
900 3343 1082 3425 comparata
1107 3338 1238 3404 notiotre
1330 3393 1338 3410 .

162 3452 233 3539 ipsa
254 3452 386 3518 dominii
418 3473 488 3517 eum
511 3454 658 3520 columna
680 3456 815 3540 quadam
837 3477 876 3522 ex
897 3477 1054 3522 marmore
1075 3456 1176 3540 faeta,
1203 3456 1237 3521 in

164 3590 227 3654 qua
253 3573 354 3636 totum
375 3567 594 3636 Romanorum
627 3573 686 3638 ius
705 3574 745 3638 ad
773 3593 825 3639 res
852 3575 1013 3660 pertinens
1041 3573 1136 3640 situm
1167 3593 1239 3640 esse

160 3686 237 3752 dieit
272 3686 406 3772 probare
441 3688 563 3753 studet:
606 3709 720 3756 sonare
754 3691 842 3776 plus,
876 3706 970 3775 qnam
1002 3690 1136 3778 probare
1170 3691 1239 3758 eins

159 3803 258 3869 uerba
277 3803 433 3870 rudenbrr.
556 3807 560 3818 '

179 4034 245 4100 117)
266 4033 305 4087 Gt.
323 4035 362 4086 Fr.
382 4036 398 4084 b
417 4037 450 4086 de
466 4039 489 4090 S.
508 4037 536 4087 P.
556 4038 598 4096 V..
628 4052 678 4100 quo
706 4045 732 4088 et
749 4040 833 4090 latiori
863 4053 940 4089 sensu
969 4046 995 4090 et
1012 4042 1131 4090 strictiori
1150 4042 1236 4090 tisrvs

266 4144 374 4192 uerbum
392 4155 443 4190 non
462 4146 543 4193 utenti
562 4149 685 4205 usurpat:
720 4145 800 4211 „haee
823 4146 879 4194 tura
905 4145 1020 4208 (seruitt.
1048 4148 1134 4207 praed.
1162 4145 1234 4210 urb.)
1278 4121 1282 4128 “

266 4252 336 4297 serto
354 4252 469 4309 ternpore
488 4263 537 4298 non
556 4254 650 4300 intendo
670 4249 797 4312 perenut“
815 4279 848 4288 -
880 4267 948 4320 „non
967 4255 1109 4304 omnimodo
1127 4259 1237 4316 pereunt

266 4365 317 4402 non
334 4351 447 4404 utendo“
465 4353 519 4405 rel.

182 4460 252 4530 118)
269 4461 403 4515 Rbntsobe
420 4461 645 4526 Servitutenlebre,
663 4461 782 4527 itsrburg
802 4465 880 4531 18511,
899 4479 923 4526 p.
942 4466 977 4515 13
994 4478 1066 4526 seoo.

178 4569 242 4632 110)
261 4569 375 4620 flumin.
393 4568 454 4619 kris.
473 4567 593 4618 zeitschr.
613 4567 682 4618 Tem.
700 4568 724 4618 11
742 4582 767 4629 p.
785 4569 838 4619 239
856 4583 928 4631 seon.
