3092 5258
769 513 972 580 ,10-

335 695 471 762 faciendi
491 694 524 761 in
548 715 610 780 quo
633 695 768 761 seruitus
792 696 951 778 consistit,
975 699 1068 762 antea
1088 695 1155 762 iure
1177 695 1308 762 dominii
1328 717 1409 762 uen-

338 813 419 878 ditor
440 813 593 896 habuerit,
612 834 679 878 non
700 817 805 880 tamen
827 813 1012 880 seruitutem
1032 834 1069 878 ac
1090 814 1139 880 ius
1161 813 1194 880 in
1215 829 1253 878 re
1266 814 1404 896 (aliena)

333 928 482 1004 habuisse
501 931 700 1014 intellegitur.
723 930 772 996 Ex
789 929 839 1015 his
862 935 967 996 autem
989 935 1128 1017 apparet,
1151 951 1209 996 nos
1232 915 1409 1018 receptioni

335 1047 523 1120 seruitntum
543 1049 694 1122 maiorem
717 1049 875 1133 quandam
896 1048 1082 1132 grauitatem
1105 1052 1136 1112 et
1159 1049 1224 1114 uim
1246 1050 1407 1122 uindicare

335 1184 428 1248 quam
451 1186 530 1249 quae
553 1165 582 1233 ei
604 1167 788 1252 plerumque
810 1167 974 1234 tribuatur.
1016 1165 1098 1232 Nam
1121 1166 1149 1231 si
1169 1167 1197 1230 is
1220 1167 1275 1252 qui
1289 1167 1406 1254 ,recipit

326 1283 517 1353 «seruitutem
539 1304 603 1352 uon
625 1285 710 1369 quod
732 1289 804 1350 ante
825 1285 979 1352 habuerat
999 1283 1110 1368 recipit
1137 1283 1193 1351 sed
1214 1284 1275 1353 sibi
1296 1285 1407 1370 acqui-

332 1399 374 1468 rit
394 1420 512 1484 nouum
541 1401 625 1486 quod
645 1403 786 1470 nondum
807 1401 960 1481 habuerat
988 1402 1037 1470 ius
1066 1401 1243 1470 seruitutis:
1265 1407 1327 1472 ,cst
1345 1423 1407 1468 nu—

333 1517 483 1596 meranda
503 1520 641 1604 receptio
664 1521 849 1594 seruitutum
871 1520 953 1590 iuter
966 1519 1078 1587 modos
1100 1518 1214 1603 quibus
1236 1521 1406 1586 seruitutcs

334 1635 650 1722 co‚nstituuntur²¹),
679 1639 832 1724 quodque,
858 1637 918 1705 sibi
945 1637 1077 1722 quisque
1110 1658 1218 1704 eorum
1240 1639 1405 1708 modorum

332 1753 409 1820 iuris
432 1755 621 1840 expostulat,
644 1756 727 1822 idem
748 1756 859 1840 etipsa
880 1756 1017 1839 receptio
1039 1757 1149 1822 merito
1172 1757 1232 1822 sibi
1255 1761 1412 1855 expostuj

332 1869 425 1953 labit:
454 1893 557 1956 neque
584 1893 788 1958 quaecuuque
816 1873 849 1940 in
874 1892 1065 1959 unoquoque
1089 1893 1203 1942 eorum
1239 1875 1404 1940 modorum

113 2059 119 2066 ,
225 2065 228 2079 ⁸
333 1989 372 2058 ad
385 1990 577 2059 seruitutem
599 1991 850 2058 constituendam
864 1991 981 2076 requiri
996 1992 1150 2077 dicemus,
1170 1993 1205 2058 in
1224 1994 1404 2079 receptione

327 2107 518 2181 semitutum
539 2109 656 2194 requiri
678 2109 861 2192 negabimus
876 2107 943 2190 ²⁸).

338 2293 340 2300 ,
415 2225 498 2310 Cap.
520 2225 595 2292 IIII.
639 2225 703 2292 Sed
724 2227 861 2294 secundo
879 2227 1014 2324 diximus
1036 2227 1081 2292 ita
1102 2248 1196 2314 saepe
1219 2229 1402 2296 caueriso·

330 2341 421 2418 litum
434 2360 437 2365 ’
450 2363 522 2420 esse
553 2344 586 2407 in
610 2343 811 2410 alienatione
835 2345 1035 2430 praediorum
1057 2346 1094 2412 dc
1116 2345 1340 2428 seruitutibus,
1369 2350 1405 2410 ut

299 2460 491 2544 obauditor,
528 2459 582 2545 qui
617 2481 655 2526 ex
688 2462 809 2531 duobus
842 2463 980 2548 praediis
1013 2464 1144 2531 alterum
1176 2463 1342 2546 retineret,¹
1370 2464 1402 2528 in

324 2579 540 2664 ¹mancipando
561 2580 612 2654 uel
640 2580 673 2644 in
694 2579 761 2644 iure
793 2581 931 2650 cedendo
955 2581 1054 2649 altero
1083 2582 1216 2649 alterum
1246 2585 1401 2652 retentum

252 2679 254 2683 ’
329 2695 403 2762 hnic
426 2716 551 2763 seruum
573 2695 766 2776 iacerem).
798 2699 843 2762 Ac
865 2699 937 2762 talis
959 2698 1084 2784 quoque
1097 2698 1204 2766 ualida
1225 2699 1402 2766 habebatur

326 2813 511 2888 »constitutio
533 2814 736 2900 seruitutum,
757 2819 865 2900 utpote
887 2816 971 2882 uires
989 2816 1146 2902 accipiens
1169 2837 1207 2882 en
1220 2817 1290 2902 ipsa
1310 2837 1402 2885 man·
1480 2794 1485 2802 ¹

330 2933 484 3017 cipatione
506 2932 557 2998 uel
579 2932 611 2998 in
632 2931 700 2996 iure
723 2933 886 3016 cessione,
908 2933 967 3000 cui.
980 2935 1165 3020 quasipars
1187 2935 1299 3000 inerat·
1329 2933 1400 3001 Ma—

362 3204 412 3274 27)
433 3203 570 3270 Pa'rperam
597 3212 677 3273 igitur
705 3209 795 3275 Gens,
823 3207 936 3260 Scholion
960 3218 1019 3257 zum
1036 3208 1136 3276 Gaius,
1166 3221 1190 3269 p.
1210 3209 1277 3274 288,
1306 3210 1399 3258 nimiae

360 3347 362 3352 -
431 3317 517 3379 arguit
534 3317 682 3379 diligendae
700 3315 820 3380 Garum,
839 3321 972 3377 propterea
995 3317 1061 3376 qnod
1089 3317 1127 3380 is,
1150 3317 1172 3364 si
1190 3316 1353 3392 usaemictua
1372 3319 1399 3365 ic

326 3467 350 3480 ,,
379 3473 382 3482 ,
429 3423 613 3484 mancipatione
632 3423 787 3484 deducatur,
816 3424 999 3482 mancipatione
1022 3425 1185 3472 constitui
1210 3423 1398 3476 mandacium
1478 3465 1484 3473 .

359 3576 361 3584 .
429 3530 498 3584 dicit.
1380 3501 1385 3508 ¹

312 3706 315 3713 Ι
361 3635 409 3708 ι28)
429 3635 496 3700 Haec
515 3641 682 3701 contraeas,
706 3637 750 3696 qiu
768 3635 855 3684 dicunt
875 3637 1024 3684 seruitutem
1051 3636 1148 3698 praedii
1173 3623 1348 3700 etiam'recipi
1365 3639 1397 3688 ab

431 3755 460 3790 eo
478 3755 571 3807 posse,
591 3744 635 3804 qiu
654 3739 752 3790 nullium
770 3743 902 3802 praedium
920 3744 1055 3808 idoneum,
1081 3743 1121 3790 cui
1150 3744 1271 3809 recipiat,
1299 3743 1396 3793 habeat.

431 3849 479 3896 Sed
504 3848 542 3897 1111
563 3853 660 3897 tantum
687 3850 811 3914 cogitant,
843 3851 910 3910 quod
937 3861 967 3897 ex
991 3849 1142 3897 alienatione
1169 3849 1273 3897 dominii
1300 3847 1396 3911 aliquid

376 4022 379 4030 Ι
429 3954 597 4016 quodcunque
616 3944 791 4016 ¹qualecunque
809 3956 948 4022 excipitur,
967 3967 1074 4019 eamque
1091 3955 1236 4017 licentiam,
1255 3960 1300 4020 ut,
1327 3958 1395 4018 qnod

429 4061 509 4136 uelit,
525 4041 632 4125 excipiat
649 4073 679 4108 ex
696 4060 860 4124 alienatione,
888 4063 1026 4124 arniculque
1055 4061 1170 4114 ,dandam
1196 4073 1254 4110 esse
1272 4062 1390 4127 clamant,
1422 4075 1423 4078 ¹

359 4231 361 4239 y
429 4180 479 4216 non
496 4168 718 4231 animaduertunt,
738 4168 804 4228 quod
822 4168 932 4216 seruitus
952 4168 1098 4236 excipiendo
1117 4168 1293 4234 constituitur,
1312 4170 1395 4230 ιιιιοᾱ-

363 4335 382 4348 Ἡ
429 4285 480 4334 que
494 4273 528 4321 ad
545 4273 682 4321 seruitutes
700 4273 888 4322 constituendas
907 4271 985 4322 mulia
1003 4274 1176 4334 reqaunmcur.

272 4381 278 4390 '
342 4374 409 4457 Η219)
429 4377 547 4438 Exempla
557 4383 673 4452 prostant
684 4379 712 4436 in¹
721 4377 759 4429 Fr.
767 4379 801 4428 ai
821 4379 853 4428 de
871 4381 979 4446 sercin,
996 4378 1035 4430 Fr.
1055 4379 1080 4444 3,
1098 4377 1137 4428 Fr.
1148 4379 1174 4431 d.
1193 4391 1282 4433 conam·
1295 4379 1394 4445 praed,

429 4484 469 4536 Fr.
488 4485 522 4538 82
540 4487 573 4535 de
589 4486 613 4534 S.
631 4481 659 4532 P.
676 4482 704 4534 R.
