3092 5258
776 463 1095 578 -14--‘=

245 786 256 810 p
342 711 443 759 rmru
464 709 671 768 murmuris
691 691 824 764 fundum
844 693 986 774 erudit,
1014 691 1147 758 liberum
1168 691 1322 776 praestet,
1349 705 1417 752 non

343 809 437 879 etiam
466 809 572 880 deberi
599 809 680 876 elios
707 808 891 894 seruitutes,
926 807 989 880 nisi
1016 809 1077 876 hoc
1103 807 1282 894 specialiter
1309 806 1348 872 ab
1367 825 1417 870 eo

228 939 233 947 “
344 947 530 999 concessum
548 925 666 1008 sitit).

425 1044 489 1114 Sed
521 1044 725 1115 inueniuntur
751 1048 914 1136 praeterea
945 1045 1027 1112 elice
1060 1026 1214 1129 quaedem
1251 1039 1418 1122 formulae,

343 1162 474 1248 quibus,
507 1177 578 1232 cum
610 1164 793 1268 plerumque
822 1163 985 1248 generales
1019 1167 1050 1228 et
1077 1162 1270 1250 perfusoriee
1297 1162 1418 1240 essent,

249 1350 253 1364 ,
343 1281 471 1352 dubium
491 1281 567 1367 isit,
593 1283 668 1367 quid
690 1287 883 1366 quantumue
906 1280 1226 1368 comprehenderetur
1249 1282 1417 1344 enutrimur

344 1401 453 1482 esset?
480 1400 519 1466 Io
539 1399 580 1468 iis
601 1404 705 1468 eutem
727 1400 934 1470 diiudicandis
957 1401 1028 1468 sole
1048 1421 1101 1483 ee,
1123 1419 1203 1484 queo
1225 1397 1258 1462 in
1280 1396 1419 1462 emtione

286 1539 290 1546 ’
342 1517 524 1593 omninno
543 1538 615 1584 csse
638 1517 744 1602 debet,
766 1518 850 1585 bone
867 1518 945 1584 fides
958 1517 1049 1603 queri
1069 1535 1180 1584 norme
1201 1515 1239 1580 ob
1261 1515 1333 1581 10¹³
1346 1512 1419 1580 Ro·-

343 1637 445 1705 menis
467 1636 683 1722 spectabatur,
703 1634 1135 1721 idqueonimcduertentibus
1150 1634 1314 1721 quaedem,
1336 1652 1418 1717 queo

345 1754 485 1838 alioquin
505 1753 640 1822 fortasse
662 1754 744 1822 inter
771 1775 966 1841 repugnare
987 1755 1171 1839 uideantur,
1200 1753 1317 1843 optimo
1340 1773 1419 1818 cou-

344 1876 437 1936 centu
459 1877 643 1938 consonant.
686 1871 807 1953 Quodsi
839 1874 1041 1940 recordemur
1067 1870 1269 1953 Vnr1nu1⁴⁰l
1302 1871 1417 1936 uerbo:

344 2024 382 2049 -v
406 1991 532 2074 „omnia
554 1990 637 2058 enim
658 2011 739 2076 quae
760 1993 874 2060 ¹contre
901 1992 1015 2060 bouem
1042 1993 1136 2058 fidem
1163 1992 1258 2074 fiunt,
1285 1989 1419 2054 ueniunt

344 2108 377 2177 in
399 2107 476 2175 emti
495 2107 666 2186 cederem
688 2143 728 2156 ·-
746 2143 786 2156 -
808 2113 840 2176 et
860 2111 1111 2194 generaliter
1133 2107 1274 2192 dixerim,
1295 2107 1324 2172 si
1340 2107 1418 2171 'im-

344 2225 511 2312 probato
547 2245 652 2293 more
685 2231 830 2295 uersatus
863 2229 904 2294 sit
942 2229 1003 2309 (ee.
1030 2227 1194 2308 uenditor)
1225 2227 1259 2292 in
1287 2224 1420 2292 celanda

344 2343 504 2427 seruitute,
527 2343 640 2414 debere
662 2365 733 2412 eum
754 2344 889 2412 teneri“:
912 2347 1143 2431 cognoscimus,
1165 2367 1228 2410 non
1246 2348 1331 2410 recte
1347 2343 1418 2408 deri

306 2495 312 2505 =
345 2461 516 2530 Pourouro
545 2461 795 2546 eSrrvreoss)
827 2485 976 2550 magnum
1003 2463 1150 2549 „duritiei
1179 2467 1211 2528 et
1237 2461 1420 2530 inflexibilis

345 2578 523 2648 toruitetis“
545 2582 746 2669 opprobrium
766 2583 847 2668 ideo,
869 2582 944 2669 quie
966 2582 1055 2648 dicit:
1091 2573 1147 2666 „Si
1175 2599 1249 2645 cum·
1276 2579 1415 2646 seruitus

322 2698 483 2768 ‚uenditis
509 2700 646 2786 proediis
677 2698 841 2766 deberetur
866 2721 924 2766 nec
953 2698 1245 2766 commemoreuem‘t
1270 2697 1418 2764 uenditor

346 2816 402 2882 sed
424 2817 528 2885 sciens
548 2837 620 2882 esse
640 2817 802 2884 reticuerit
822 2821 853 2884 et
874 2818 914 2884 ob
935 2817 968 2882 id
982 2837 1038 2904 per
1058 2817 1270 2900 ignorantiam
1290 2817 1337 2882 rei
1349 2837 1417 2882 em·-

346 2938 396 3000 tor
416 2955 481 3002 non
502 2936 621 3002 utendo
640 2955 697 3023 per
724 2939 875 3002 statutum
896 2940 1019 3022 tempus
1042 2953 1111 3002 erm
1132 2933 1316 3002 seruitutem
1337 2934 1418 2999 ami·

347 3052 438 3135 serit,
470 3053 597 3136 quidam
617 3059 702 3120 recte
723 3058 836 3142 putant
863 3053 1060 3121 uenditorem
1082 3052 1182 3118 teneri
1198 3073 1243 3122 ex
1270 3057 1353 3118 emto
1376 3053 1416 3118 ob

347 3169 551 3252 uolumr‘ss).
592 3171 675 3240 Nem
719 3173 852 3239 dolum·
882 3171 1065 3240 ,uenditoris
1092 3171 1280 3238 Poueornrs
1309 3177 1416 3258 aperte
1481 3181 1485 3188 '

346 3287 479 3373 requirit
494 3309 635 3374 eumque.
650 3295 735 3358 certe
754 3291 794 3358 ab
817 3295 935 3358 emtore
947 3289 1152 3378 probandum.
1179 3290 1230 3356 An
1242 3294 1418 3356 statuemus

346 3407 450 3515 ipsum
471 3429 537 3474 uon
558 3407 733 3477 aliiemodo
754 3409 841 3496 ΙΨ,
863 3410 919 3475 sed
941 3408 1037 3475 etiam
1057 3407 1118 3474 sibi
1138 3407 1331 3474 Porreoruru
1352 3427 1417 3473 une

221 3557 230 3626 s
347 3525 521 3610 eodemque
540 3525 715 3610 fragmento
738 3531 845 3606 operte
863 3527 1111 3611 (contremuisse,¹
1122 3545 1195 3590 cum
1215 3525 1298 3592 idem
1310 3527 1417 3611 paullo

347 3646 420 3718 ente
433 3646 561 3710 certum
582 3645 781 3734 profitentur:
807 3644 867 3729 „ln
893 3645 1059 3712 uendendo
1080 3644 1179 3710 irmdo
1201 3644 1355 3729 quaedem
1378 3677 1416 3694 -·-

385 3844 433 3907 so)
453 3843 491 3894 cr.
509 3845 549 3894 n.
568 3846 603 3896 oo
622 3846 655 3893 ue
672 3841 700 3892 v,
717 3829 750 3892 sl
776 3845 816 3894 n.
835 3844 868 3893 re
887 3845 919 3892 ce
938 3844 1023 3892 eruco.
1041 3843 1080 3915 re.
1099 3842 1281 3918 eudemon.
1300 3845 1417 3894 emtione.

361 3914 364 3926 ῃ
453 3921 554 4000 ducere
583 3953 615 4000 de
633 3952 686 4014 leg.
705 3929 795 4013 ngrar.
813 3950 857 4000 111.
876 3951 910 3999 2:
940 3947 1056 4016 „Opdmo
1083 3953 1139 3999 lure
1167 3951 1281 4024 profecto
1311 3956 1418 4000 essunt

455 4037 559 4119 emedio
577 4070 643 4118 quse
660 4060 752 4118 opumo
776 4059 918 4107 conditione
936 4063 1013 4130 sum:
1037 4057 1118 4106 libero
1143 4058 1248 4107 mellore
1271 4059 1327 4106 lure
1350 4063 1417 4123 sunl,

356 4151 397 4177 *¹*
449 4149 630 4225 'quam‘seruo
648 4159 735 4222 capite
753 4161 798 4212 hoc
816 4164 916 4227 omnis,
934 4165 1176 4228 quaerendorum,
1194 4177 1244 4214 nou
1261 4161 1417 4215 sendrent.“

384 4269 432 4332 lo)
453 4271 493 4319 Fr.
512 4271 524 4318 l
547 4271 579 4318 de
596 4267 625 4318 Α.
644 4267 673 4317 Ε.
691 4267 719 4315 V.
1150 4257 1161 4268 “

357 4425 360 4443 ,
384 4373 434 4450 lt)
453 4376 497 4447 lle,
508 4375 674 4437 seruientibus
692 4377 867 4440 praediorum,
886 4386 911 4445 p.
930 4376 990 4429 177.
1022 4418 1024 4427 .

384 4485 431 4548 42)
450 4484 475 4534 F.
495 4483 529 4532 dd
548 4478 564 4548 S
584 4483 596 4530 l
617 4485 696 4530 contr.
713 4485 773 4530 emt.
