3092 5258
295 1527 402 1624 vino
426 1521 769 1599 consvnnssnoo
784 1476 1100 1596 'emmerammo

185 1703 1210 1928 Arorsromnnz
1448 1619 1452 1627 ’

265 2094 292 2161 1.
314 2094 354 2162 v.
376 2094 416 2160 n.
440 2092 488 2160 nr
508 2089 730 2160 Aolnnmm
750 2085 1018 2158 rnncnnsrr.
1038 2087 1076 2155 P.
1098 2085 1135 2152 o.

339 2240 341 2249 ’
563 2269 594 2342 s.
677 2271 715 2338 r.
798 2268 838 2338 n.
1009 2251 1037 2260 '⁴

401 2406 405 2417 ⁵
500 2393 506 2408 ⁸
608 2452 790 2524 cronon.

213 3277 257 3358 ln
279 3294 351 3377 tibi,
377 3296 427 3384 uir
449 3297 698 3382 consultissime,
719 3297 928 3384 primitiarum
947 3316 987 3362 cn
1014 3296 1126 3362 studiis
1156 3296 1234 3361 meis

165 3431 264 3498 offero
286 3451 420 3497 munus:
440 3453 504 3498 non
528 3433 665 3518 quodid
686 3452 801 3499 munus
823 3435 911 3498 tanto
925 3431 995 3498 uiro
1017 3431 1146 3516 dignum
1167 3421 1238 3496 esse

30 3556 34 3568 ’
165 3570 272 3646 putem
283 3587 342 3631 nec
361 3567 445 3651 quod
466 3567 527 3644 hoc
546 3569 630 3634 facto
653 3539 762 3656 opiner
781 3567 860 3652 fore,
881 3571 917 3633 ut
938 3588 977 3633 cx
997 3569 1062 3650 tna,
1085 3586 1237 3652 quagau-

164 3703 218 3768 des
240 3702 322 3767 inter
342 3701 437 3785 Icto,
466 3703 607 3770 claritate
638 3703 718 3770 lueis
740 3703 860 3790 aliquid
885 3677 920 3768 in
947 3723 997 3768 mc
1023 3701 1238 3789 resplendeat:

41 3895 45 3900 .
164 3837 220 3903 sed
240 3840 276 3903 ut
297 3837 402 3924 aliquo
419 3837 606 3905 documento
624 3842 695 3905 utut
716 3843 848 3926 potuero
862 3836 1098 3920 declarauerim,
1121 3839 1240 3922 quanta

165 3973 225 4038 sim
246 3991 322 4056 erga
342 3973 389 4058 te,
426 3973 479 4058 qui
506 3993 555 4039 me
584 3974 744 4040 Friderico
766 3972 1000 4040 Alexandrinae
1021 3972 1123 4039 ciuem
1150 3992 1240 4060 uoce,

163 4093 331 4175 auocatum
360 4107 398 4173 ab
427 4107 482 4172 illa
511 4107 673 4194 academia
701 4108 826 4190 scriptis
855 4107 994 4174 omnium
1022 4107 1172 4176 acerrime
1199 4107 1240 4204 ad

161 4245 211 4309 ius
238 4243 421 4310 Romanum
454 4242 591 4328 penitius
628 4244 882 4327 cognoscendum
909 4243 1107 4336 incitaueris,
1142 4242 1239 4308 animi

142 4379 278 4464 ¹gratia,
320 4378 452 4465 pietate,
494 4379 695 4478 uerecundia.
737 4378 816 4444 Inde
855 4399 1046 4465 quamquam
1084 4374 1147 4444 'nec
1188 4378 1238 4463 ig-

160 4535 257 4598 noro,
278 4515 355 4581 noui
376 4514 436 4580 hac
460 4513 722 4580 commentatione
751 4535 862 4601 parum
882 4535 932 4580 me
961 4514 1097 4596 eruisse,
1126 4515 1236 4600 et‚.nt
