<?xml version="1.0" encoding="UTF-8"?>
<!DOCTYPE html PUBLIC "-//W3C//DTD XHTML 1.0 Transitional//EN"
    "http://www.w3.org/TR/xhtml1/DTD/xhtml1-transitional.dtd">
<html xmlns="http://www.w3.org/1999/xhtml" xml:lang="en" lang="en">
 <head>
  <title>
</title>
<meta http-equiv="Content-Type" content="text/html;charset=utf-8" />
  <meta name='ocr-system' content='tesseract 3.04.00' />
  <meta name='ocr-capabilities' content='ocr_page ocr_carea ocr_par ocr_line ocrx_word'/>
</head>
<body>
  <div class='ocr_page' id='page_1' title='image "./infrvicommvniap00muthgoog/infrvicommvniap00muthgoog_0057.png"; bbox 0 0 3092 5258; ppageno 0'>
   <div class='ocr_carea' id='block_1_1' title="bbox 832 477 1036 547">
    <p class='ocr_par' dir='ltr' id='par_1_1' title="bbox 832 477 1036 547">
     <span class='ocr_line' id='line_1_1' title="bbox 832 477 1036 547; baseline -0.005 -21"><span class='ocrx_word' id='word_1_1' title='bbox 832 477 1036 547; x_wconf 67' lang='lat'><strong>„50-</strong></span> 
     </span>
    </p>
   </div>
   <div class='ocr_carea' id='block_1_2' title="bbox 323 658 1504 3343">
    <p class='ocr_par' dir='ltr' id='par_1_2' title="bbox 323 658 1504 2516">
     <span class='ocr_line' id='line_1_2' title="bbox 390 658 1468 748; baseline -0.001 -20"><span class='ocrx_word' id='word_1_2' title='bbox 390 661 459 746; x_wconf 72' lang='lat' dir='ltr'><strong>buo</strong></span> <span class='ocrx_word' id='word_1_3' title='bbox 479 659 662 748; x_wconf 52' lang='lat' dir='ltr'><strong>pertinent,</strong></span> <span class='ocrx_word' id='word_1_4' title='bbox 690 661 848 746; x_wconf 81' lang='lat' dir='ltr'><strong>quandam</strong></span> <span class='ocrx_word' id='word_1_5' title='bbox 876 661 1000 727; x_wconf 76' lang='lat' dir='ltr'><strong>adierit.</strong></span> <span class='ocrx_word' id='word_1_6' title='bbox 1048 659 1229 746; x_wconf 70' lang='lat' dir='ltr'><strong>Discrimpn</strong></span> <span class='ocrx_word' id='word_1_7' title='bbox 1256 659 1346 742; x_wconf 82' lang='lat' dir='ltr'><strong>inde,</strong></span> <span class='ocrx_word' id='word_1_8' title='bbox 1381 658 1468 746; x_wconf 72' lang='lat' dir='ltr'><strong>quod</strong></span> 
     </span>
     <span class='ocr_line' id='line_1_3' title="bbox 391 776 1468 866; baseline -0.007 -19"><span class='ocrx_word' id='word_1_9' title='bbox 391 779 492 851; x_wconf 80' lang='lat' dir='ltr'><strong>attero</strong></span> <span class='ocrx_word' id='word_1_10' title='bbox 520 800 598 846; x_wconf 84' lang='lat' dir='ltr'><strong>casu</strong></span> <span class='ocrx_word' id='word_1_11' title='bbox 624 778 665 844; x_wconf 83' lang='lat' dir='ltr'><strong>ad</strong></span> <span class='ocrx_word' id='word_1_12' title='bbox 693 780 877 846; x_wconf 84' lang='lat' dir='ltr'><strong>seruitutem</strong></span> <span class='ocrx_word' id='word_1_13' title='bbox 896 777 1120 866; x_wconf 71' lang='lat' dir='ltr'><strong>praestandam</strong></span> <span class='ocrx_word' id='word_1_14' title='bbox 1141 777 1300 860; x_wconf 80' lang='lat' dir='ltr'><strong>obligatus</strong></span> <span class='ocrx_word' id='word_1_15' title='bbox 1321 776 1468 859; x_wconf 77' lang='lat' dir='ltr'><strong>uenditor</strong></span> 
     </span>
     <span class='ocr_line' id='line_1_4' title="bbox 323 891 1467 982; baseline -0.002 -20"><span class='ocrx_word' id='word_1_16' title='bbox 323 907 326 918; x_wconf 95' lang='lat'>&#39;</span> <span class='ocrx_word' id='word_1_17' title='bbox 390 896 477 962; x_wconf 87' lang='lat' dir='ltr'><strong>hona</strong></span> <span class='ocrx_word' id='word_1_18' title='bbox 496 896 624 965; x_wconf 87' lang='lat' dir='ltr'><strong>omnino</strong></span> <span class='ocrx_word' id='word_1_19' title='bbox 645 897 706 963; x_wconf 81' lang='lat' dir='ltr'><strong>fide</strong></span> <span class='ocrx_word' id='word_1_20' title='bbox 736 897 821 980; x_wconf 70' lang='lat' dir='ltr'><strong>egit:¹</strong></span> <span class='ocrx_word' id='word_1_21' title='bbox 848 897 948 969; x_wconf 85' lang='lat' dir='ltr'><strong>attero</strong></span> <span class='ocrx_word' id='word_1_22' title='bbox 982 896 1023 962; x_wconf 87' lang='lat' dir='ltr'><strong>ad</strong></span> <span class='ocrx_word' id='word_1_23' title='bbox 1049 894 1297 982; x_wconf 80' lang='lat' dir='ltr'><strong>praestationem</strong></span> <span class='ocrx_word' id='word_1_24' title='bbox 1318 891 1467 961; x_wconf 77' lang='lat' dir='ltr'><strong>nomenti</strong></span> 
     </span>
     <span class='ocr_line' id='line_1_5' title="bbox 393 1012 1467 1100; baseline -0.002 -20"><span class='ocrx_word' id='word_1_25' title='bbox 393 1013 670 1100; x_wconf 60' lang='lat' dir='ltr'><strong>obligaturum,</strong></span> <span class='ocrx_word' id='word_1_26' title='bbox 692 1015 883 1096; x_wconf 69' lang='lat' dir='ltr'><strong>studetur,</strong></span> <span class='ocrx_word' id='word_1_27' title='bbox 904 1013 965 1081; x_wconf 84' lang='lat' dir='ltr'><strong>tide</strong></span> <span class='ocrx_word' id='word_1_28' title='bbox 986 1014 1050 1098; x_wconf 75' lang='lat' dir='ltr'><strong>egit</strong></span> <span class='ocrx_word' id='word_1_29' title='bbox 1071 1019 1103 1078; x_wconf 85' lang='lat' dir='ltr'><strong>et</strong></span> <span class='ocrx_word' id='word_1_30' title='bbox 1121 1012 1206 1083; x_wconf 70' lang='lat' dir='ltr'><strong>rusa</strong></span> <span class='ocrx_word' id='word_1_31' title='bbox 1225 1012 1467 1098; x_wconf 65' lang='lat' dir='ltr'><strong>praececede-</strong></span> 
     </span>
     <span class='ocr_line' id='line_1_6' title="bbox 390 1129 1466 1218; baseline -0.001 -20"><span class='ocrx_word' id='word_1_32' title='bbox 390 1132 618 1208; x_wconf 71' lang='lat' dir='ltr'><strong>monstratione</strong></span> <span class='ocrx_word' id='word_1_33' title='bbox 626 1153 716 1201; x_wconf 88' lang='lat' dir='ltr'><strong>usus.</strong></span> <span class='ocrx_word' id='word_1_34' title='bbox 744 1132 885 1216; x_wconf 73' lang='lat' dir='ltr'><strong>Primum</strong></span> <span class='ocrx_word' id='word_1_35' title='bbox 900 1132 983 1207; x_wconf 89' lang='lat' dir='ltr'><strong>enim</strong></span> <span class='ocrx_word' id='word_1_36' title='bbox 1003 1130 1177 1218; x_wconf 76' lang='lat' dir='ltr'><strong>perfusorio</strong></span> <span class='ocrx_word' id='word_1_37' title='bbox 1199 1129 1379 1216; x_wconf 77' lang='lat' dir='ltr'><strong>decipiendi</strong></span> <span class='ocrx_word' id='word_1_38' title='bbox 1398 1149 1466 1197; x_wconf 83' lang='lat' dir='ltr'><strong>eur-</strong></span> 
     </span>
     <span class='ocr_line' id='line_1_7' title="bbox 390 1247 1467 1335; baseline -0.002 -21"><span class='ocrx_word' id='word_1_39' title='bbox 390 1250 471 1317; x_wconf 85' lang='lat' dir='ltr'><strong>turis</strong></span> <span class='ocrx_word' id='word_1_40' title='bbox 492 1271 589 1320; x_wconf 76' lang='lat' dir='ltr'><strong>causa</strong></span> <span class='ocrx_word' id='word_1_41' title='bbox 608 1250 765 1335; x_wconf 82' lang='lat' dir='ltr'><strong>loquitur;</strong></span> <span class='ocrx_word' id='word_1_42' title='bbox 785 1249 899 1329; x_wconf 78' lang='lat' dir='ltr'><strong>deinde</strong></span> <span class='ocrx_word' id='word_1_43' title='bbox 920 1255 1024 1317; x_wconf 81' lang='lat' dir='ltr'><strong>arrtcm</strong></span> <span class='ocrx_word' id='word_1_44' title='bbox 1045 1249 1091 1314; x_wconf 85' lang='lat' dir='ltr'><strong>nil</strong></span> <span class='ocrx_word' id='word_1_45' title='bbox 1112 1248 1154 1314; x_wconf 80' lang='lat' dir='ltr'><strong>ad</strong></span> <span class='ocrx_word' id='word_1_46' title='bbox 1173 1247 1246 1332; x_wconf 83' lang='lat' dir='ltr'><strong>„ius</strong></span> <span class='ocrx_word' id='word_1_47' title='bbox 1266 1248 1467 1326; x_wconf 83' lang='lat' dir='ltr'><strong>etconditio·</strong></span> 
     </span>
     <span class='ocr_line' id='line_1_8' title="bbox 389 1365 1465 1453; baseline 0.003 -21"><span class='ocrx_word' id='word_1_48' title='bbox 389 1367 482 1434; x_wconf 78' lang='lat' dir='ltr'><strong>rnem“</strong></span> <span class='ocrx_word' id='word_1_49' title='bbox 504 1368 720 1453; x_wconf 84' lang='lat' dir='ltr'><strong>praediorum,</strong></span> <span class='ocrx_word' id='word_1_50' title='bbox 754 1367 781 1430; x_wconf 88' lang='lat' dir='ltr'><strong>si</strong></span> <span class='ocrx_word' id='word_1_51' title='bbox 813 1367 881 1452; x_wconf 88' lang='lat' dir='ltr'><strong>ipse</strong></span> <span class='ocrx_word' id='word_1_52' title='bbox 904 1366 1062 1450; x_wconf 80' lang='lat' dir='ltr'><strong>obligatus</strong></span> <span class='ocrx_word' id='word_1_53' title='bbox 1084 1371 1133 1430; x_wconf 87' lang='lat' dir='ltr'><strong>est</strong></span> <span class='ocrx_word' id='word_1_54' title='bbox 1155 1366 1194 1430; x_wconf 86' lang='lat' dir='ltr'><strong>de</strong></span> <span class='ocrx_word' id='word_1_55' title='bbox 1215 1387 1254 1434; x_wconf 85' lang='lat' dir='ltr'><strong>eo</strong></span> <span class='ocrx_word' id='word_1_56' title='bbox 1274 1365 1465 1435; x_wconf 75' lang='lat' dir='ltr'><strong>[numentum</strong></span> 
     </span>
     <span class='ocr_line' id='line_1_9' title="bbox 390 1483 1466 1572; baseline -0.001 -21"><span class='ocrx_word' id='word_1_57' title='bbox 390 1506 529 1564; x_wconf 73' lang='lat' dir='ltr'><strong>amount</strong></span> <span class='ocrx_word' id='word_1_58' title='bbox 563 1490 724 1572; x_wconf 85' lang='lat' dir='ltr'><strong>praestare</strong></span> <span class='ocrx_word' id='word_1_59' title='bbox 758 1484 866 1552; x_wconf 84' lang='lat' dir='ltr'><strong>tundo.</strong></span> <span class='ocrx_word' id='word_1_60' title='bbox 913 1484 993 1551; x_wconf 83' lang='lat' dir='ltr'><strong>Inde</strong></span> <span class='ocrx_word' id='word_1_61' title='bbox 1022 1487 1049 1550; x_wconf 89' lang='lat' dir='ltr'><strong>si</strong></span> <span class='ocrx_word' id='word_1_62' title='bbox 1078 1487 1177 1553; x_wconf 87' lang='lat' dir='ltr'><strong>altero</strong></span> <span class='ocrx_word' id='word_1_63' title='bbox 1209 1504 1283 1550; x_wconf 86' lang='lat' dir='ltr'><strong>casu</strong></span> <span class='ocrx_word' id='word_1_64' title='bbox 1319 1483 1466 1550; x_wconf 86' lang='lat' dir='ltr'><strong>uenditor</strong></span> 
     </span>
     <span class='ocr_line' id='line_1_10' title="bbox 389 1601 1465 1688; baseline 0 -17"><span class='ocrx_word' id='word_1_65' title='bbox 389 1605 543 1688; x_wconf 81' lang='lat' dir='ltr'><strong>tuendus,</strong></span> <span class='ocrx_word' id='word_1_66' title='bbox 565 1606 663 1668; x_wconf 86' lang='lat' dir='ltr'><strong>altero</strong></span> <span class='ocrx_word' id='word_1_67' title='bbox 685 1604 885 1688; x_wconf 72' lang='lat' dir='ltr'><strong>repellendus</strong></span> <span class='ocrx_word' id='word_1_68' title='bbox 907 1625 977 1670; x_wconf 87' lang='lat' dir='ltr'><strong>esse</strong></span> <span class='ocrx_word' id='word_1_69' title='bbox 999 1603 1172 1670; x_wconf 85' lang='lat' dir='ltr'><strong>iudicatur:</strong></span> <span class='ocrx_word' id='word_1_70' title='bbox 1193 1601 1239 1668; x_wconf 89' lang='lat' dir='ltr'><strong>nil</strong></span> <span class='ocrx_word' id='word_1_71' title='bbox 1261 1603 1361 1685; x_wconf 79' lang='lat' dir='ltr'><strong>magis</strong></span> <span class='ocrx_word' id='word_1_72' title='bbox 1383 1603 1465 1671; x_wconf 81' lang='lat' dir='ltr'><strong>inter</strong></span> 
     </span>
     <span class='ocr_line' id='line_1_11' title="bbox 329 1721 1464 1812; baseline 0.001 -26"><span class='ocrx_word' id='word_1_73' title='bbox 329 1801 337 1812; x_wconf 30' lang='grc' dir='ltr'>ι</span> <span class='ocrx_word' id='word_1_74' title='bbox 389 1743 424 1786; x_wconf 89' lang='lat' dir='ltr'><strong>se</strong></span> <span class='ocrx_word' id='word_1_75' title='bbox 446 1721 615 1789; x_wconf 85' lang='lat' dir='ltr'><strong>conuenire</strong></span> <span class='ocrx_word' id='word_1_76' title='bbox 637 1722 804 1806; x_wconf 76' lang='lat' dir='ltr'><strong>aptiusque</strong></span> <span class='ocrx_word' id='word_1_77' title='bbox 825 1742 1014 1805; x_wconf 79' lang='lat' dir='ltr'><strong>congruere,</strong></span> <span class='ocrx_word' id='word_1_78' title='bbox 1047 1742 1142 1806; x_wconf 74' lang='lat' dir='ltr'><strong>quiam</strong></span> <span class='ocrx_word' id='word_1_79' title='bbox 1169 1721 1247 1786; x_wconf 83' lang='lat' dir='ltr'><strong>baec</strong></span> <span class='ocrx_word' id='word_1_80' title='bbox 1276 1722 1403 1792; x_wconf 71' lang='lat' dir='ltr'><strong>diuersa</strong></span> <span class='ocrx_word' id='word_1_81' title='bbox 1425 1721 1464 1787; x_wconf 81' lang='lat' dir='ltr'><strong>ue</strong></span> 
     </span>
     <span class='ocr_line' id='line_1_12' title="bbox 389 1838 1368 1920; baseline 0 -14"><span class='ocrx_word' id='word_1_82' title='bbox 389 1839 525 1920; x_wconf 76' lang='lat' dir='ltr'><strong>diuersis</strong></span> <span class='ocrx_word' id='word_1_83' title='bbox 545 1838 671 1916; x_wconf 77' lang='lat' dir='ltr'><strong>casibus</strong></span> <span class='ocrx_word' id='word_1_84' title='bbox 692 1839 809 1907; x_wconf 84' lang='lat' dir='ltr'><strong>iudicia</strong></span> <span class='ocrx_word' id='word_1_85' title='bbox 830 1840 957 1908; x_wconf 74' lang='lat' dir='ltr'><strong>dixeris</strong></span> <span class='ocrx_word' id='word_1_86' title='bbox 1283 1893 1287 1898; x_wconf 91' lang='lat'>.</span> <span class='ocrx_word' id='word_1_87' title='bbox 1367 1903 1368 1906; x_wconf 74' lang='grc'>,</span> 
     </span>
     <span class='ocr_line' id='line_1_13' title="bbox 386 1939 1504 2042; baseline 0.008 -26"><span class='ocrx_word' id='word_1_88' title='bbox 386 2011 392 2016; x_wconf 81' lang='grc'><em>,</em></span> <span class='ocrx_word' id='word_1_89' title='bbox 469 1957 509 2022; x_wconf 89' lang='lat' dir='ltr'><strong>ln</strong></span> <span class='ocrx_word' id='word_1_90' title='bbox 531 1961 631 2028; x_wconf 74' lang='lat' dir='ltr'><strong>teum</strong></span> <span class='ocrx_word' id='word_1_91' title='bbox 658 1957 754 2041; x_wconf 74' lang='lat' dir='ltr'><strong>igion</strong></span> <span class='ocrx_word' id='word_1_92' title='bbox 774 1957 993 2040; x_wconf 66' lang='lat' dir='ltr'><strong>contendimus</strong></span> <span class='ocrx_word' id='word_1_93' title='bbox 1019 1956 1229 2042; x_wconf 64' lang='lat' dir='ltr'><strong>ponpam</strong></span> <span class='ocrx_word' id='word_1_94' title='bbox 1247 1975 1385 2037; x_wconf 65' lang='lat' dir='ltr'><strong>ouen</strong></span> <span class='ocrx_word' id='word_1_95' title='bbox 1407 1975 1464 2025; x_wconf 71' lang='lat' dir='ltr'><strong>eur</strong></span> <span class='ocrx_word' id='word_1_96' title='bbox 1497 1939 1504 1950; x_wconf 89' lang='lat'>&#39;</span> 
     </span>
     <span class='ocr_line' id='line_1_14' title="bbox 389 2073 1465 2160; baseline -0.002 -18"><span class='ocrx_word' id='word_1_97' title='bbox 389 2079 590 2149; x_wconf 79' lang='lat' dir='ltr'><strong>succurratur</strong></span> <span class='ocrx_word' id='word_1_98' title='bbox 603 2075 762 2143; x_wconf 87' lang='lat' dir='ltr'><strong>uenditori</strong></span> <span class='ocrx_word' id='word_1_99' title='bbox 775 2080 887 2154; x_wconf 80' lang='lat' dir='ltr'><strong>nostro</strong></span> <span class='ocrx_word' id='word_1_100' title='bbox 902 2073 1122 2160; x_wconf 75' lang='lat' dir='ltr'><strong>bagmeutob,</strong></span> <span class='ocrx_word' id='word_1_101' title='bbox 1143 2095 1214 2140; x_wconf 85' lang='lat' dir='ltr'><strong>esse</strong></span> <span class='ocrx_word' id='word_1_102' title='bbox 1230 2073 1346 2154; x_wconf 76' lang='lat' dir='ltr'><strong>bonarp</strong></span> <span class='ocrx_word' id='word_1_103' title='bbox 1368 2074 1465 2145; x_wconf 82' lang='lat' dir='ltr'><strong>fidem</strong></span> 
     </span>
     <span class='ocr_line' id='line_1_15' title="bbox 388 2191 1461 2277; baseline -0.005 -16"><span class='ocrx_word' id='word_1_104' title='bbox 388 2192 422 2261; x_wconf 83' lang='lat' dir='ltr'><strong>iu</strong></span> <span class='ocrx_word' id='word_1_105' title='bbox 443 2193 581 2266; x_wconf 84' lang='lat' dir='ltr'><strong>emtione</strong></span> <span class='ocrx_word' id='word_1_106' title='bbox 602 2192 786 2265; x_wconf 73' lang='lat' dir='ltr'><strong>uendffione</strong></span> <span class='ocrx_word' id='word_1_107' title='bbox 811 2193 1000 2261; x_wconf 78' lang='lat' dir='ltr'><strong>seruandam</strong></span> <span class='ocrx_word' id='word_1_108' title='bbox 1018 2191 1092 2274; x_wconf 71' lang='lat' dir='ltr'><strong>”tr</strong></span> <span class='ocrx_word' id='word_1_109' title='bbox 1129 2197 1225 2277; x_wconf 70' lang='lat' dir='ltr'><strong>atque</strong></span> <span class='ocrx_word' id='word_1_110' title='bbox 1252 2192 1314 2265; x_wconf 75' lang='lat' dir='ltr'><strong>huo</strong></span> <span class='ocrx_word' id='word_1_111' title='bbox 1335 2193 1461 2276; x_wconf 74' lang='lat' dir='ltr'><strong>egregie</strong></span> 
     </span>
     <span class='ocr_line' id='line_1_16' title="bbox 389 2309 1466 2395; baseline 0.005 -19"><span class='ocrx_word' id='word_1_112' title='bbox 389 2331 429 2376; x_wconf 81' lang='lat' dir='ltr'><strong>ex</strong></span> <span class='ocrx_word' id='word_1_113' title='bbox 448 2309 508 2374; x_wconf 85' lang='lat' dir='ltr'><strong>hae</strong></span> <span class='ocrx_word' id='word_1_114' title='bbox 530 2331 624 2395; x_wconf 79' lang='lat' dir='ltr'><strong>quarn</strong></span> <span class='ocrx_word' id='word_1_115' title='bbox 645 2309 839 2377; x_wconf 65' lang='grc' dir='ltr'><strong>111111111111111ἰ</strong></span> <span class='ocrx_word' id='word_1_116' title='bbox 870 2309 910 2376; x_wconf 83' lang='lat'><strong>81</strong></span> <span class='ocrx_word' id='word_1_117' title='bbox 933 2312 1124 2379; x_wconf 77' lang='lat' dir='ltr'><strong>contrarium</strong></span> <span class='ocrx_word' id='word_1_118' title='bbox 1152 2311 1333 2379; x_wconf 82' lang='lat' dir='ltr'><strong>omnimodo</strong></span> <span class='ocrx_word' id='word_1_119' title='bbox 1354 2330 1466 2382; x_wconf 67' lang='lat' dir='ltr'><strong>tasum</strong></span> 
     </span>
     <span class='ocr_line' id='line_1_17' title="bbox 389 2428 1186 2516; baseline 0.001 -24"><span class='ocrx_word' id='word_1_120' title='bbox 389 2428 582 2512; x_wconf 83' lang='lat' dir='ltr'><strong>continentis</strong></span> <span class='ocrx_word' id='word_1_121' title='bbox 599 2428 858 2514; x_wconf 79' lang='lat' dir='ltr'><strong>interpretatione</strong></span> <span class='ocrx_word' id='word_1_122' title='bbox 880 2450 1031 2516; x_wconf 87' lang='lat' dir='ltr'><strong>apparere</strong></span> <span class='ocrx_word' id='word_1_123' title='bbox 1051 2430 1186 2505; x_wconf 79' lang='lat' dir='ltr'><strong>uidetur.¹</strong></span> 
     </span>
    </p>

    <p class='ocr_par' dir='ltr' id='par_1_3' title="bbox 386 2544 1465 3343">
     <span class='ocr_line' id='line_1_18' title="bbox 470 2544 1463 2632; baseline 0.003 -23"><span class='ocrx_word' id='word_1_124' title='bbox 470 2545 558 2631; x_wconf 84' lang='lat' dir='ltr'><strong>Cap.</strong></span> <span class='ocrx_word' id='word_1_125' title='bbox 572 2544 662 2623; x_wconf 81' lang='lat' dir='ltr'>XVI.</span> <span class='ocrx_word' id='word_1_126' title='bbox 705 2545 770 2612; x_wconf 87' lang='lat' dir='ltr'><strong>Sed</strong></span> <span class='ocrx_word' id='word_1_127' title='bbox 790 2547 926 2615; x_wconf 72' lang='lat' dir='ltr'><strong>uriom</strong></span> <span class='ocrx_word' id='word_1_128' title='bbox 948 2549 1050 2628; x_wconf 74' lang='lat' dir='ltr'><strong>adhunc</strong></span> <span class='ocrx_word' id='word_1_129' title='bbox 1071 2548 1261 2632; x_wconf 73' lang='lat' dir='ltr'><strong>generaliter</strong></span> <span class='ocrx_word' id='word_1_130' title='bbox 1274 2557 1463 2625; x_wconf 80' lang='lat' dir='ltr'><strong>succurren-</strong></span> 
     </span>
     <span class='ocr_line' id='line_1_19' title="bbox 388 2663 1465 2752; baseline 0.004 -21"><span class='ocrx_word' id='word_1_131' title='bbox 388 2663 463 2744; x_wconf 71' lang='lat' dir='ltr'><strong>dum</strong></span> <span class='ocrx_word' id='word_1_132' title='bbox 480 2685 551 2731; x_wconf 87' lang='lat' dir='ltr'><strong>esse</strong></span> <span class='ocrx_word' id='word_1_133' title='bbox 568 2665 735 2746; x_wconf 79' lang='lat' dir='ltr'><strong>uenditori,</strong></span> <span class='ocrx_word' id='word_1_134' title='bbox 756 2685 821 2733; x_wconf 89' lang='lat' dir='ltr'><strong>non</strong></span> <span class='ocrx_word' id='word_1_135' title='bbox 836 2666 984 2748; x_wconf 74' lang='grc'>(1111111111,</span> <span class='ocrx_word' id='word_1_136' title='bbox 1005 2667 1162 2752; x_wconf 77' lang='lat' dir='ltr'><strong>qpomodo</strong></span> <span class='ocrx_word' id='word_1_137' title='bbox 1184 2664 1312 2743; x_wconf 71' lang='lat' dir='ltr'><strong>enom</strong></span> <span class='ocrx_word' id='word_1_138' title='bbox 1331 2685 1465 2736; x_wconf 50' lang='lat' dir='ltr'><strong>succurr-</strong></span> 
     </span>
     <span class='ocr_line' id='line_1_20' title="bbox 387 2781 1464 2869; baseline 0.003 -25"><span class='ocrx_word' id='word_1_139' title='bbox 387 2782 501 2845; x_wconf 72' lang='lat' dir='ltr'><strong>ratur?</strong></span> <span class='ocrx_word' id='word_1_140' title='bbox 543 2782 625 2847; x_wconf 82' lang='lat' dir='ltr'><strong>Nam</strong></span> <span class='ocrx_word' id='word_1_141' title='bbox 644 2783 729 2866; x_wconf 91' lang='lat' dir='ltr'><strong>quod</strong></span> <span class='ocrx_word' id='word_1_142' title='bbox 747 2803 811 2847; x_wconf 92' lang='lat' dir='ltr'><strong>non</strong></span> <span class='ocrx_word' id='word_1_143' title='bbox 823 2788 927 2869; x_wconf 89' lang='lat' dir='ltr'><strong>potest</strong></span> <span class='ocrx_word' id='word_1_144' title='bbox 948 2783 1090 2869; x_wconf 82' lang='lat' dir='ltr'><strong>intellegi</strong></span> <span class='ocrx_word' id='word_1_145' title='bbox 1111 2781 1258 2848; x_wconf 89' lang='lat' dir='ltr'><strong>uenditor</strong></span> <span class='ocrx_word' id='word_1_146' title='bbox 1278 2783 1334 2862; x_wconf 68' lang='lat' dir='ltr'><strong>itta</strong></span> <span class='ocrx_word' id='word_1_147' title='bbox 1355 2781 1464 2861; x_wconf 78' lang='lat' dir='ltr'><strong>adiec-</strong></span> 
     </span>
     <span class='ocr_line' id='line_1_21' title="bbox 386 2899 1462 2986; baseline 0.003 -23"><span class='ocrx_word' id='word_1_148' title='bbox 386 2899 488 2964; x_wconf 85' lang='lat' dir='ltr'><strong>tione:</strong></span> <span class='ocrx_word' id='word_1_149' title='bbox 510 2901 650 2983; x_wconf 87' lang='lat' dir='ltr'><strong>„seruire</strong></span> <span class='ocrx_word' id='word_1_150' title='bbox 668 2901 752 2966; x_wconf 83' lang='lat' dir='ltr'><strong>Titio</strong></span> <span class='ocrx_word' id='word_1_151' title='bbox 781 2900 907 2985; x_wconf 76' lang='lat' dir='ltr'><strong>aedcs“‚</strong></span> <span class='ocrx_word' id='word_1_152' title='bbox 927 2901 1012 2982; x_wconf 80' lang='lat' dir='ltr'><strong>Titio</strong></span> <span class='ocrx_word' id='word_1_153' title='bbox 1034 2903 1225 2984; x_wconf 72' lang='lat' dir='ltr'><strong>seruitutem</strong></span> <span class='ocrx_word' id='word_1_154' title='bbox 1241 2901 1462 2986; x_wconf 70' lang='lat' dir='ltr'><strong>acqrnisiuisse</strong></span> 
     </span>
     <span class='ocr_line' id='line_1_22' title="bbox 387 3018 1462 3118; baseline 0.004 -38"><span class='ocrx_word' id='word_1_155' title='bbox 387 3037 483 3104; x_wconf 87' lang='lat' dir='ltr'><strong>supra</strong></span> <span class='ocrx_word' id='word_1_156' title='bbox 509 3018 573 3084; x_wconf 82' lang='lat' dir='ltr'><strong>iam</strong></span> <span class='ocrx_word' id='word_1_157' title='bbox 595 3019 740 3096; x_wconf 84' lang='lat' dir='ltr'><strong>diximus.</strong></span> <span class='ocrx_word' id='word_1_158' title='bbox 781 3019 905 3086; x_wconf 83' lang='lat' dir='ltr'><strong>Dixerit</strong></span> <span class='ocrx_word' id='word_1_159' title='bbox 924 3020 1026 3104; x_wconf 76' lang='lat' dir='ltr'><strong>igitur·</strong></span> <span class='ocrx_word' id='word_1_160' title='bbox 1041 3020 1214 3118; x_wconf 64' lang='lat' dir='ltr'><strong>nuspiam,</strong></span> <span class='ocrx_word' id='word_1_161' title='bbox 1230 3019 1269 3111; x_wconf 77' lang='lat' dir='ltr'><strong>¹si</strong></span> <span class='ocrx_word' id='word_1_162' title='bbox 1288 3018 1373 3098; x_wconf 80' lang='lat' dir='ltr'><strong>&#39;litio</strong></span> <span class='ocrx_word' id='word_1_163' title='bbox 1395 3040 1462 3084; x_wconf 91' lang='lat' dir='ltr'><strong>non</strong></span> 
     </span>
     <span class='ocr_line' id='line_1_23' title="bbox 386 3136 1464 3234; baseline 0 -32"><span class='ocrx_word' id='word_1_164' title='bbox 386 3136 488 3234; x_wconf 76' lang='lat' dir='ltr'><strong>possit</strong></span> <span class='ocrx_word' id='word_1_165' title='bbox 520 3137 583 3210; x_wconf 84' lang='lat' dir='ltr'><strong>illis</strong></span> <span class='ocrx_word' id='word_1_166' title='bbox 618 3136 725 3204; x_wconf 89' lang='lat' dir='ltr'><strong>uerbis</strong></span> <span class='ocrx_word' id='word_1_167' title='bbox 758 3139 943 3204; x_wconf 86' lang='lat' dir='ltr'><strong>seruitutem</strong></span> <span class='ocrx_word' id='word_1_168' title='bbox 963 3139 1125 3224; x_wconf 83' lang='lat' dir='ltr'><strong>recepisse</strong></span> <span class='ocrx_word' id='word_1_169' title='bbox 1153 3137 1314 3227; x_wconf 63' lang='lat' dir='ltr'><strong>intellegi,</strong></span> <span class='ocrx_word' id='word_1_170' title='bbox 1345 3141 1464 3222; x_wconf 68' lang='grc'>1111111111,</span> 
     </span>
     <span class='ocr_line' id='line_1_24' title="bbox 387 3253 1462 3343; baseline 0.005 -25"><span class='ocrx_word' id='word_1_171' title='bbox 387 3254 461 3338; x_wconf 88' lang='lat' dir='ltr'><strong>quia</strong></span> <span class='ocrx_word' id='word_1_172' title='bbox 488 3255 541 3320; x_wconf 89' lang='lat' dir='ltr'><strong>uel</strong></span> <span class='ocrx_word' id='word_1_173' title='bbox 562 3255 696 3323; x_wconf 81' lang='lat' dir='ltr'><strong>manime</strong></span> <span class='ocrx_word' id='word_1_174' title='bbox 719 3256 787 3322; x_wconf 90' lang='lat' dir='ltr'><strong>eius</strong></span> <span class='ocrx_word' id='word_1_175' title='bbox 822 3253 962 3340; x_wconf 88' lang='lat' dir='ltr'><strong>intersit,</strong></span> <span class='ocrx_word' id='word_1_176' title='bbox 991 3255 1176 3332; x_wconf 83' lang='lat' dir='ltr'><strong>senritutem</strong></span> <span class='ocrx_word' id='word_1_177' title='bbox 1205 3274 1276 3320; x_wconf 87' lang='lat' dir='ltr'><strong>esse</strong></span> <span class='ocrx_word' id='word_1_178' title='bbox 1302 3259 1462 3343; x_wconf 78' lang='lat' dir='ltr'><strong>receptam</strong></span> 
     </span>
    </p>
   </div>
   <div class='ocr_carea' id='block_1_3' title="bbox 261 3372 1462 4174">
    <p class='ocr_par' dir='ltr' id='par_1_4' title="bbox 265 3372 1462 3586">
     <span class='ocr_line' id='line_1_25' title="bbox 384 3372 1456 3466; baseline 0.002 -31"><span class='ocrx_word' id='word_1_179' title='bbox 384 3372 437 3452; x_wconf 83' lang='lat' dir='ltr'><strong>nel</strong></span> <span class='ocrx_word' id='word_1_180' title='bbox 472 3372 577 3458; x_wconf 89' lang='lat' dir='ltr'><strong>potius</strong></span> <span class='ocrx_word' id='word_1_181' title='bbox 612 3372 831 3454; x_wconf 82' lang='lat' dir='ltr'><strong>constitutam,</strong></span> <span class='ocrx_word' id='word_1_182' title='bbox 868 3372 929 3440; x_wconf 91' lang='lat' dir='ltr'><strong>sibi</strong></span> <span class='ocrx_word' id='word_1_183' title='bbox 961 3373 1023 3463; x_wconf 88' lang='lat' dir='ltr'><strong>ipsi</strong></span> <span class='ocrx_word' id='word_1_184' title='bbox 1056 3395 1126 3440; x_wconf 87' lang='lat' dir='ltr'><strong>eam</strong></span> <span class='ocrx_word' id='word_1_185' title='bbox 1158 3373 1334 3460; x_wconf 12' lang='lat' dir='ltr'><strong>precepisse,</strong></span> <span class='ocrx_word' id='word_1_186' title='bbox 1357 3394 1456 3466; x_wconf 84' lang='lat' dir='ltr'><strong>posse</strong></span> 
     </span>
     <span class='ocr_line' id='line_1_26' title="bbox 265 3487 1462 3586; baseline 0.003 -33"><span class='ocrx_word' id='word_1_187' title='bbox 265 3489 268 3496; x_wconf 88' lang='lat'>&#39;</span> <span class='ocrx_word' id='word_1_188' title='bbox 383 3487 502 3572; x_wconf 87' lang='lat' dir='ltr'><strong>uideri,</strong></span> <span class='ocrx_word' id='word_1_189' title='bbox 534 3491 579 3554; x_wconf 88' lang='lat' dir='ltr'><strong>ita</strong></span> <span class='ocrx_word' id='word_1_190' title='bbox 611 3495 647 3556; x_wconf 91' lang='lat' dir='ltr'><strong>ut</strong></span> <span class='ocrx_word' id='word_1_191' title='bbox 672 3489 792 3578; x_wconf 85' lang='lat' dir='ltr'><strong>postea¹</strong></span> <span class='ocrx_word' id='word_1_192' title='bbox 812 3491 996 3558; x_wconf 85' lang='lat' dir='ltr'><strong>senritntem</strong></span> <span class='ocrx_word' id='word_1_193' title='bbox 1024 3491 1108 3558; x_wconf 85' lang='lat' dir='ltr'><strong>Titio</strong></span> <span class='ocrx_word' id='word_1_194' title='bbox 1141 3490 1313 3559; x_wconf 89' lang='lat' dir='ltr'><strong>concedere</strong></span> <span class='ocrx_word' id='word_1_195' title='bbox 1342 3492 1462 3586; x_wconf 80' lang='lat' dir='ltr'><strong>possit.</strong></span> 
     </span>
    </p>

    <p class='ocr_par' dir='ltr' id='par_1_5' title="bbox 261 3606 1460 4174">
     <span class='ocr_line' id='line_1_27' title="bbox 348 3606 1460 3694; baseline 0.001 -19"><span class='ocrx_word' id='word_1_196' title='bbox 348 3638 354 3643; x_wconf 92' lang='lat'>·</span> <span class='ocrx_word' id='word_1_197' title='bbox 384 3606 453 3675; x_wconf 85' lang='lat' dir='ltr'><strong>Hoc</strong></span> <span class='ocrx_word' id='word_1_198' title='bbox 482 3627 687 3694; x_wconf 83' lang='lat' dir='ltr'><strong>quamquam,</strong></span> <span class='ocrx_word' id='word_1_199' title='bbox 720 3607 748 3672; x_wconf 90' lang='lat' dir='ltr'><strong>si</strong></span> <span class='ocrx_word' id='word_1_200' title='bbox 775 3606 879 3692; x_wconf 84' lang='lat' dir='ltr'><strong>agitur</strong></span> <span class='ocrx_word' id='word_1_201' title='bbox 906 3609 944 3674; x_wconf 89' lang='lat' dir='ltr'><strong>de</strong></span> <span class='ocrx_word' id='word_1_202' title='bbox 971 3611 1136 3677; x_wconf 87' lang='lat' dir='ltr'><strong>usufructu</strong></span> <span class='ocrx_word' id='word_1_203' title='bbox 1162 3608 1361 3694; x_wconf 81' lang='lat' dir='ltr'><strong>recipiendo,</strong></span> <span class='ocrx_word' id='word_1_204' title='bbox 1392 3629 1460 3677; x_wconf 89' lang='lat' dir='ltr'><strong>uon</strong></span> 
     </span>
     <span class='ocr_line' id='line_1_28' title="bbox 383 3724 1460 3816; baseline 0.002 -26"><span class='ocrx_word' id='word_1_205' title='bbox 383 3724 554 3805; x_wconf 84' lang='lat' dir='ltr'><strong>absurdum</strong></span> <span class='ocrx_word' id='word_1_206' title='bbox 575 3730 637 3790; x_wconf 89' lang='lat' dir='ltr'><strong>est:</strong></span> <span class='ocrx_word' id='word_1_207' title='bbox 661 3730 766 3790; x_wconf 88' lang='lat' dir='ltr'><strong>tamen</strong></span> <span class='ocrx_word' id='word_1_208' title='bbox 788 3725 826 3788; x_wconf 87' lang='lat' dir='ltr'><strong>de</strong></span> <span class='ocrx_word' id='word_1_209' title='bbox 846 3726 1045 3816; x_wconf 85' lang='lat' dir='ltr'><strong>praediorum</strong></span> <span class='ocrx_word' id='word_1_210' title='bbox 1067 3726 1273 3795; x_wconf 86' lang='lat' dir='ltr'><strong>seruitutibus</strong></span> <span class='ocrx_word' id='word_1_211' title='bbox 1294 3727 1323 3792; x_wconf 89' lang='lat' dir='ltr'><strong>si</strong></span> <span class='ocrx_word' id='word_1_212' title='bbox 1343 3727 1460 3814; x_wconf 74' lang='lat' dir='ltr'><strong>agitiu,</strong></span> 
     </span>
     <span class='ocr_line' id='line_1_29' title="bbox 383 3841 1459 3933; baseline 0.004 -25"><span class='ocrx_word' id='word_1_213' title='bbox 383 3844 416 3910; x_wconf 91' lang='lat' dir='ltr'><strong>id</strong></span> <span class='ocrx_word' id='word_1_214' title='bbox 438 3843 559 3926; x_wconf 87' lang='lat' dir='ltr'><strong>obstat,</strong></span> <span class='ocrx_word' id='word_1_215' title='bbox 587 3841 673 3926; x_wconf 90' lang='lat' dir='ltr'><strong>quod</strong></span> <span class='ocrx_word' id='word_1_216' title='bbox 699 3842 772 3906; x_wconf 88' lang='lat' dir='ltr'><strong>illas</strong></span> <span class='ocrx_word' id='word_1_217' title='bbox 800 3863 909 3927; x_wconf 88' lang='lat' dir='ltr'><strong>nemo,</strong></span> <span class='ocrx_word' id='word_1_218' title='bbox 943 3844 1006 3910; x_wconf 91' lang='lat' dir='ltr'><strong>uisi</strong></span> <span class='ocrx_word' id='word_1_219' title='bbox 1039 3845 1093 3933; x_wconf 86' lang='lat' dir='ltr'><strong>qui</strong></span> <span class='ocrx_word' id='word_1_220' title='bbox 1119 3843 1282 3932; x_wconf 84' lang='lat' dir='ltr'><strong>praediurn</strong></span> <span class='ocrx_word' id='word_1_221' title='bbox 1307 3843 1459 3912; x_wconf 88' lang='lat' dir='ltr'><strong>idoneum</strong></span> 
     </span>
     <span class='ocr_line' id='line_1_30' title="bbox 261 3959 1458 4053; baseline 0.008 -35"><span class='ocrx_word' id='word_1_222' title='bbox 261 4000 270 4018; x_wconf 86' lang='lat'><strong><em>.</em></strong></span> <span class='ocrx_word' id='word_1_223' title='bbox 383 3959 489 4043; x_wconf 84' lang='lat' dir='ltr'><strong>habet,</strong></span> <span class='ocrx_word' id='word_1_224' title='bbox 510 3959 649 4049; x_wconf 79' lang='lat' dir='ltr'><strong>recipere</strong></span> <span class='ocrx_word' id='word_1_225' title='bbox 669 3964 785 4046; x_wconf 84' lang='lat' dir='ltr'><strong>potest,</strong></span> <span class='ocrx_word' id='word_1_226' title='bbox 808 3965 854 4045; x_wconf 89' lang='lat' dir='ltr'><strong>et,</strong></span> <span class='ocrx_word' id='word_1_227' title='bbox 884 3961 1009 4044; x_wconf 87' lang='lat' dir='ltr'><strong>quando</strong></span> <span class='ocrx_word' id='word_1_228' title='bbox 1030 3963 1164 4048; x_wconf 88' lang='lat' dir='ltr'><strong>recepit,</strong></span> <span class='ocrx_word' id='word_1_229' title='bbox 1196 3962 1236 4028; x_wconf 86' lang='lat' dir='ltr'><strong>ab</strong></span> <span class='ocrx_word' id='word_1_230' title='bbox 1259 3983 1297 4027; x_wconf 93' lang='lat' dir='ltr'><strong>eo</strong></span> <span class='ocrx_word' id='word_1_231' title='bbox 1326 3963 1458 4053; x_wconf 83' lang='lat' dir='ltr'><strong>praedio</strong></span> 
     </span>
     <span class='ocr_line' id='line_1_31' title="bbox 277 4057 1458 4174; baseline 0.003 -32"><span class='ocrx_word' id='word_1_232' title='bbox 277 4057 283 4068; x_wconf 47' lang='lat'><strong><em>⁴</em></strong></span> <span class='ocrx_word' id='word_1_233' title='bbox 383 4078 552 4143; x_wconf 89' lang='lat' dir='ltr'><strong>seruitutes</strong></span> <span class='ocrx_word' id='word_1_234' title='bbox 580 4077 648 4174; x_wconf 87' lang='lat' dir='ltr'><strong>sine</strong></span> <span class='ocrx_word' id='word_1_235' title='bbox 677 4078 806 4144; x_wconf 90' lang='lat' dir='ltr'><strong>interitu</strong></span> <span class='ocrx_word' id='word_1_236' title='bbox 834 4077 884 4144; x_wconf 91' lang='lat' dir='ltr'><strong>sui</strong></span> <span class='ocrx_word' id='word_1_237' title='bbox 905 4076 1002 4144; x_wconf 90' lang='lat' dir='ltr'><strong>anelli</strong></span> <span class='ocrx_word' id='word_1_238' title='bbox 1021 4101 1085 4146; x_wconf 92' lang='lat' dir='ltr'><strong>non</strong></span> <span class='ocrx_word' id='word_1_239' title='bbox 1107 4084 1250 4168; x_wconf 90' lang='lat' dir='ltr'><strong>possunt.</strong></span> <span class='ocrx_word' id='word_1_240' title='bbox 1291 4079 1340 4146; x_wconf 87' lang='lat' dir='ltr'><strong>Eo</strong></span> <span class='ocrx_word' id='word_1_241' title='bbox 1360 4081 1458 4166; x_wconf 86' lang='lat' dir='ltr'><strong>igitur</strong></span> 
     </span>
    </p>
   </div>
   <div class='ocr_carea' id='block_1_4' title="bbox 399 4351 1458 4544">
    <p class='ocr_par' dir='ltr' id='par_1_6' title="bbox 399 4351 1458 4544">
     <span class='ocr_line' id='line_1_32' title="bbox 417 4351 1458 4424; baseline 0.001 -18"><span class='ocrx_word' id='word_1_242' title='bbox 417 4351 1458 4424; x_wconf 65' lang='lat' dir='ltr'><strong>achr.e.g.rr.1s1oenuv.uusuntnnermae-noroex</strong></span> 
     </span>
     <span class='ocr_line' id='line_1_33' title="bbox 399 4461 1177 4544; baseline -0.009 -26"><span class='ocrx_word' id='word_1_243' title='bbox 399 4514 418 4544; x_wconf 88' lang='lat'><strong>·.</strong></span> <span class='ocrx_word' id='word_1_244' title='bbox 486 4476 537 4526; x_wconf 79' lang='lat' dir='ltr'><strong>quo</strong></span> <span class='ocrx_word' id='word_1_245' title='bbox 554 4468 668 4524; x_wconf 76' lang='lat' dir='ltr'><strong>nostrum</strong></span> <span class='ocrx_word' id='word_1_246' title='bbox 685 4461 999 4524; x_wconf 69' lang='lat' dir='ltr'><strong>rnotoopresnuun</strong></span> <span class='ocrx_word' id='word_1_247' title='bbox 1069 4533 1081 4544; x_wconf 91' lang='lat'><strong>..</strong></span> <span class='ocrx_word' id='word_1_248' title='bbox 1165 4480 1177 4544; x_wconf 39' lang='grc' dir='ltr'>Ἰ</span> 
     </span>
    </p>
   </div>
   <div class='ocr_carea' id='block_1_5' title="bbox 0 0 1550 5256">
    <p class='ocr_par' dir='ltr' id='par_1_7' title="bbox 0 0 1550 5256">
     <span class='ocr_line' id='line_1_34' title="bbox 0 0 1550 5256; baseline 0 0"><span class='ocrx_word' id='word_1_249' title='bbox 0 0 1550 5256; x_wconf 95' lang='lat' dir='ltr'><strong> </strong></span> 
     </span>
    </p>
   </div>
  </div>
 </body>
</html>
