3092 5258
690 497 1177 578 ¹..2ss=...·

326 693 408 780 cipio
430 693 596 777 fragmenti
609 691 638 758 .ss
659 693 804 779 recipcre
825 694 1028 777 seruitutem,
1056 696 1092 758 et
1113 691 1189 758 uiio‘
1207 693 1303 760 modo
1323 713 1406 758 cou-

297 807 301 820 '
329 811 460 878 stituerc
484 810 569 878 aiiud
591 815 684 894 atque
707 810 884 876 aliudesse
907 810 1028 892 dixerit,
1051 809 1280 876 deindcstutim
1294 810 1405 896 paullo

329 927 471 994 inferiori
502 927 572 993 loco
596 926 635 992 ad
667 927 864 1013 recipiendas
896 945 995 1011 oeque
1029 927 1197 993 seruitutes
1230 931 1324 1026 atque
1349 927 1405 992 ud

328 1044 390 1110 aiio
412 1045 505 1110 modo
529 1044 647 1110 utiliter
669 1045 904 1112 constituendos
940 1044 1229 1129 mercenorum,
1257 1065 1297 1110 us
1325 1065 1406 1130 pec-
1505 1113 1506 1136 χ

334 1153 421 1226 cetrir
443 1165 553 1226 contra
574 1162 675 1246 iiiam,
705 1181 785 1246 quae
805 1161 844 1228 de
863 1160 1073 1228 seruitutirus
1097 1160 1288 1247 perhibetur,
1308 1181 1408 1246 regur-

329 1277 409 1344 iam:
433 1298 507 1364 „pcr
529 1283 635 1364 partes
655 1299 714 1344 nec
732 1279 851 1364 acquiri
867 1299 925 1344 nec
936 1280 1059 1366 imponi
1070 1280 1206 1349 seruitus
1222 1278 1367 1366 potesne
1379 1281 1406 1359 ).

417 1395 501 1482 Cap.
524 1395 613 1462 VIII.
656 1396 774 1461 Verum
797 1396 953 1480 quomodo
974 1417 1033 1462 nos
1054 1397 1136 1474 iilos,
1157 1397 1408 1482 quos=cismamt

331 1513 470 1612 ipsorum
490 1513 666 1578 sententiae
692 1519 800 1599 apertu
824 1515 1030 1597 documenta,
1064 1514 1151 1579 locos
1180 1512 1405 1614 interprciabi-

330 1630 424 1696 muri
467 1627 560 1709 Quod
594 1634 760 1716 antequam
790 1623 958 1716 faciamus,
992 1631 1098 1717 paullo
1132 1631 1228 1696 iatius
1256 1635 1405 1716 repetere

224 1775 229 1786 ·
330 1765 444 1833 operae
465 1747 589 1814 uidetur
611 1769 680 1812 esse
702 1749 844 1834 pretium.

413 1864 559 1930 Omnium
590 1866 796 1952 pracdiulium
829 1866 1013 1932 semitutum
1048 1887 1086 1930 ea
1120 1869 1232 1930 namra
1257 1870 1334 1946 est,
1366 1869 1406 1930 ut

329 1981 449 2068 praedii
472 1983 662 2048 dominantis
685 1984 907 2050 conditionem·
922 1985 1082 2050 meliorem
1114 1985 1216 2050 facere
1249 1983 1403 2048 debeant:

330 2099 469 2185 praedii,
505 2102 661 2185 inquom.
682 2101 909 2186 conditionem,
944 2121 1008 2166 non
1042 2102 1125 2183 eius,
1156 2102 1218 2186 .qui
1238 2104 1405 2180 nuoeest,

332 2217 459 2283 domiui.
502 2218 614 2284 Vtrum
647 2222 751 2284 autem
772 2219 852 2283 tales
875 2219 1050 2284 seruitutes
1065 2220 1143 2302 siut,
1170 2223 1205 2284 ut
1219 2219 1271 2284 'iis
1289 2195 1405 2282 ⁴domi-

331 2335 421 2402 nanti
442 2336 571 2422 praedio
593 2356 681 2401 mera
701 2336 820 2402 utilitas
835 2341 1031 2422 comparetur
1046 2337 1165 2422 (qualis
1177 2357 1275 2423 saepe
1283 2355 1405 2420 aquae—
1507 2377 1508 2382 κ

335 2453 446 2518 ductus
470 2456 605 2520 seruitus
626 2460 675 2520 est
696 2455 734 2519 ud
756 2454 932 2538 irrigandos
947 2474 1040 2538 agros
1052 2454 1240 2542 constituta)
1258 2475 1302 2518 ao
1311 2453 1405 2537 tales,

332 2575 368 2635 ut
401 2572 503 2656 magis
539 2573 758 2638 amoenitatem
792 2591 886 2673 quam
919 2571 1086 2636 utilitatem
1118 2571 1304 2658 respicIoute
1327 2571 1405 2637 =hoc

333 2687 412 2752 'nihil
433 2688 548 2753 referre
577 2689 662 2772 dico,
693 2689 860 2754 dummodo
883 2694 928 2752 et·
942 2689 1088 2756 inferiore
1106 2710 1186 2754 ,casu
1212 2688 1336 2774 praedii
1354 2688 1405 2774 ip·
1508 2705 1509 2764 t

334 2804 399 2869 sius
422 2806 581 2902 meliorem
610 2807 821 2871 conditionem
850 2805 983 2888 faciant,
1015 2813 1078 2872 non
1107 2807 1206 2872 soiius
1228 2808 1319 2888 ciue„
1349 2806 1403 2890 qui
1508 2805 1509 2830 ¹

336 2941 420 2986 nunc
442 2923 474 2988 id
497 2927 590 2988 tenet.
631 2923 730 2988 Recte
751 2925 847 3008 igitur
868 2924 944 2988 dicit
964 2925 1112 3006 Porrus«
1208 2955 1217 2972 κ

415 3039 468 3104 Fr.
490 3039 510 3104 8
532 3041 569 3104 de
592 3041 746 3106 seruituti.
789 3043 853 3126 „Vt
880 3063 1005 3127 pomum
1034 3043 1199 3127 decerpere
1230 3041 1341 3123 liceat,
1368 3044 1404 3104 ut
1455 3109 1458 3114 ,

336 3178 486 3241 coenare,
514 3161 549 3223 u't
570 3158 698 3243 spatiari
720 3159 756 3224 io
775 3159 877 3224 alieno
908 3161 1084 3245 postumus,
1113 3159 1249 3226 seruitus
1284 3157 1403 3243 imponi

97 3331 101 3348 ,
207 3317 209 3321 «
333 3295 397 3340 non
419 3274 627 3360 potest“⁵⁸)‚

335 3393 501 3477 quietalis
529 3393 664 3458 seruitus
686 3411 749 3458 oon
770 3393 910 3478 ipsorum
941 3395 1139 3478 praediorum
1169 3415 1308 3460 causam*
1326 3413 1404 3458 con-

334 3509 546 3594 ditionemque
567 3509 728 3574 meliorem
749 3509 883 3594 Iactura,
907 3512 963 3576 scd
980 3517 1014 3576 ut
1031 3513 1162 3578 multum
1184 3509 1402 3593 concedamus,

335 3626 417 3707 cius,
447 3627 500 3710 qui
518 3647 612 3721 ¹nuuc
645 3631 707 3708 est,
742 3624 860 3693 domiui
883 3627 1002 3694 otiosae
1030 3629 1184 3713 uoluptati
1213 3627 1404 3694 inseruitura

335 3749 391 3808 est.
433 3743 558 3810 Rursus
592 3766 629 3810 ex
658 3744 813 3810 contrario
843 3745 918 3828 quin
954 3745 1168 3831 aquaeductus
1204 3743 1402 3810 amoenitatis

335 3881 446 3945 causa,
468 3883 532 3926 nou
553 3865 673 3927 tantum
702 3861 743 3928 ad
768 3862 944 3946 irrigandos
971 3882 1081 3946 agros,
1110 3863 1258 3939 constitui
1285 3866 1401 3948 posset,
1448 3859 1453 3868 '

212 4045 213 4049 ,
334 3978 394 4044 IC‘¹
422 3977 560 4044 Romani
588 3999 748 4064 nunquam
776 3979 1012 4047 dubitauerunt:
1045 3999 1146 4063 neque
1174 3979 1274 4066 ipsum
1301 3979 1430 4064 serui-¹

333 4099 442 4178 tutem,
458 4118 498 4161 nc
519 4097 699 4183 prospectui
714 4096 898 4177 officeretm,
919 4117 983 4164 uon
1003 4096 1215 4181 admiserunt,
1236 4095 1307 4164 ideo
1330 4097 1405 4181 quia

370 4372 419 4441 5⁷)
440 4373 501 4424 Vide
519 4373 586 4424 inira
598 4367 792 4436 capu-xm
810 4371 886 4433 husius
904 4373 1001 4434 disput:
1096 4374 1099 4383 '

358 4481 421 4546 os)
437 4481 475 4535 rr.
496 4483 528 4532 ro
547 4483 581 4532 se
598 4484 696 4533 sesua
750 4496 753 4504 ’
