3092 5258
596 481 800 549 „25⁴-

162 662 333 748 mimimo
348 651 638 751 liberuurcsse,¹de
657 665 713 749 iis,
734 687 815 751 quae
838 666 970 751 alienat,
998 663 1123 750 quiduis
1153 664 1239 744 reci-¹

162 799 270 865 pere,
287 781 439 866 eximere,
471 781 613 868 nihilque
650 785 805 848 interesse
812 807 836 867 ,·
853 784 947 867 idne,
984 783 1069 869 quod
1096 782 1236 869 recipiat,

163 897 240 962 utile
262 898 323 984 ipei
357 899 413 983 eit,
446 891 573 965 necne(
597 901 732 986 „Vicina
758 921 829 967 esre
856 899 991 966 debeut“
1018 903 1147 986 crepant
1172 899 1237 979 isti,

161 1014 362 1098 „caprimodo
384 1017 523 1103 praedia,
551 999 664 1111 quibus
680 1019 815 1084 seruitus
842 1018 1022 1104 imponitur.
1063 1015 1135 1083 Hoc
1148 1036 1235 1082 caen

163 1131 323 1199 vanam
344 1132 450 1198 nicirra
470 1134 583 1201 debere
605 1155 675 1200 asse
696 1141 808 1220 negat,
830 1135 891 1202 hoc
905 1155 980 1201 caen
1001 1134 1235 1221 derecipienda
1332 1143 1340 1156 ·

94 1299 101 1312 .
161 1250 313 1316 seruitute
333 1251 489 1335 loquitur:
528 1273 603 1336 ergo
623 1252 748 1318 facilius
772 1253 956 1320 seruitutem
977 1253 1117 1339 recipere
1140 1271 1233 1337 quam

161 1367 225 1432 alto
243 1366 338 1433 modo
352 1366 585 1434 consumerer

242 1485 339 1570 Atqui
349 1485 420 1572 plus
432 1485 578 1572 probant,
599 1487 654 1571 qui
670 1486 716 1551 sic
728 1489 996 1572 argumentantur,
1019 1505 1113 1572 quam
1130 1505 1233 1571 quan-

161 1605 228 1667 tum
244 1602 378 1688 probare
401 1602 572 1675 debebant:
600 1603 675 1688 quia
687 1605 848 1690 proposito
864 1605 902 1670 ab
919 1605 1063 1671 vanno
1078 1623 1155 1670 casu
1167 1621 1233 1670 uon

162 1720 266 1785 solum
288 1719 326 1785 de
346 1721 511 1786 retinenda
532 1741 571 1787 ex
590 1722 727 1788 uenditis
749 1723 895 1808 aedibuS,
925 1722 981 1786 sed
1002 1721 1096 1788 etiam
1115 1721 1158 1787 'de
1178 1740 1234 1785 ac-

161 1837 315 1922 quirenda
334 1837 446 1904 liudem
468 1839 619 1905 seruitute
641 1839 757 1922 agitur:
779 1840 819 1905 de
836 1839 993 1924 quaidem
1005 1815 1099 1904 illud:
1122 1837 1232 1925 „parui

160 1955 277 2020 reterre
299 1955 424 2021 uicinae
444 1955 736 2023 sintambaeaedee
749 1954 869 2023 necne“
880 1955 1087 2041 praedicatur.
1109 1952 1234 2036 Quodsi

160 2091 270 2137 eorum
289 2073 479 2140 senteutiam
501 2093 703 2160 sequeremur
721 2073 911 2139 indeletum
929 2073 1023 2158 illud,
1040 2071 1125 2159 quod
1146 2073 1232 2138 deei-

159 2190 271 2255 derunt
290 2189 373 2278 10¹¹,
395 2191 540 2258 utilitatis
562 2190 748 2257 semitutum
778 2190 980 2256 moderamen
1005 2190 1051 2255 nil
1072 2190 1158 2256 aliud
1179 2210 1232 2259 es-

158 2311 225 2391 set,
266 2327 361 2393 quum
376 2310 500 2394 inane,
529 2307 613 2395 quod
634 2329 690 2374 eos
719 2312 865 2393 terreret,
893 2308 1109 2394 simulacrum,
1136 2327 1231 2374 succo

157 2429 189 2490 et
211 2425 365 2509 sanguine
387 2445 506 2492 carens.
547 2427 587 2492 Iu
613 2446 676 2510 quo
695 2445 737 2490 ne
763 2425 843 2492 illud
864 2425 990 2511 quidem
1018 2426 1229 2510 considerant,

158 2543 244 2627 quod
263 2544 438 2628 fragmento
453 2542 492 2611 19
514 2544 552 2610 de
575 2544 695 2609 seruitl.
721 2543 769 2625 (ei
790 2543 872 2609 enim
887 2543 927 2608 ad
940 2531 1230 2630 probandcm'sen-

157 2661 288 2726 tentiam
308 2663 361 2728 uel
381 2663 515 2729 maxime
541 2661 735 2744 innituntur)
766 2681 831 2727 non
853 2660 890 2725 de
905 2661 1092 2748 'recipienda
1121 2663 1228 2747 aperte

158 2777 310 2844 seruitute
331 2779 450 2864 agitur,
473 2780 530 2845 sed
551 2781 704 2852 duntaxat
724 2779 844 2866 imponi
863 2799 958 2865 posse
974 2777 1157 2844 seruitutem
1179 2777 1228 2842 di-

158 2900 257 2962 catur.
300 2895 498 2986 Quapropter
517 2898 651 2964 lomasse
674 2903 705 2962 et
732 2898 883 2964 hocloco
911 2898 983 2984 plus
1010 2915 1105 2982 quam
1133 2895 1229 2961 debe-

157 3013 235 3080 nant
254 3013 466 3101 probaueriut.

211 3216 214 3220 Ι
242 3131 306 3199 Sed
326 3137 425 3198 totam
444 3133 526 3198 hanc
548 3132 736 3207 sententiam
765 3132 828 3201 iam
849 3152 946 3220 supra
963 3131 998 3196 in
1020 3130 1149 3196 dubium
1169 3151 1230 3196 uo-

157 3249 316 3336 cauimus,
347 3251 421 3316 inde
451 3251 536 3337 quod
572 3251 713 3337 exceptio
736 3251 923 3316 seruitutum
960 3249 994 3313 iu
1014 3247 1231 3335 mancipandis

158 3368 213 3432 uel
232 3368 266 3432 in
286 3367 355 3434 iure
375 3369 525 3434 cedendis
552 3369 689 3456 praediis
711 3365 795 3455 apud
814 3367 979 3432 Romanos
1002 3371 1069 3432 erat
1088 3364 1229 3452 peculia-

156 3485 211 3550 ria.
224 3485 412 3552 eeruitutnm
434 3492 466 3551 et
500 3487 646 3572 proprius
682 3485 972 3551 constituendarum
1002 3484 1132 3567 modus,
1163 3501 1229 3547 non

92 3675 99 3684 ,
136 3585 299 3686 'augon
320 3604 405 3690 pecli
425 3603 539 3672 adiecti
568 3605 639 3669 loco
660 3599 843 3669 habebatur.
884 3603 996 3688 Neque
1029 3601 1113 3665 enim
1145 3598 1230 3684 quod

158 3721 354 3807 exciperetur
374 3720 506 3806 aliquid,
529 3721 680 3808 quidquid
701 3723 734 3788 id
755 3726 853 3804 esset,
887 3742 926 3786 ex
947 3719 1137 3785 alienatione
1158 3715 1229 3781 Ro-

156 3839 242 3903 mani
263 3841 367 3905 nolum
387 3839 586 3924 cogitabant!
616 3840 672 3905 sed
701 3841 785 3926 quod
817 3839 953 3904 seruitus
976 3823 1228 3921 constitueretur,

155 3956 389 4042 ponderabant:
423 3977 565 4043 quaeque
596 3958 639 4022 cd
673 3957 909 4022 constituendas
943 3957 1111 4022 seruitutes
1149 3973 1229 4038 quo-

157 4091 280 4160 cunque
303 4075 364 4141 alio
386 4075 479 4141 modo
501 4073 680 4140 necessaria
702 4095 771 4140 esse
801 4075 971 4156 duxerunt,
993 4073 1101 4139 eadem
1121 4071 1230 4156 requi-

155 4191 300 4257 siuerunt
320 4193 362 4258 ad
383 4193 582 4280 excipiendas
601 4194 779 4260 seruitutes.
822 4192 1001 4258 Secundum
1022 4192 1148 4257 illorum
1170 4209 1228 4254 au-

156 4313 219 4374 tem
241 4309 428 4376 sententiam
446 4309 580 4376 absurde
601 4311 718 4392 fautum
740 4313 825 4386 osset
844 4309 882 4378 ab
899 4310 1045 4376 Virrano
1067 4312 1098 4394 et
1119 4311 1229 4372 contra

157 4431 300 4494 tenorem
321 4428 440 4514 ipsius,
462 4447 555 4514 quana
567 4431 772 4515 proponeret,
795 4429 979 4512 sententiae,
1000 4431 1037 4494 ut
1058 4447 1128 4524 cuna
1142 4425 1230 4511 prin·

976 4529 996 4591 4
1138 4543 1147 4561 .
