3092 5258
506 450 780 594 “39¹ss

143 693 204 778 qui·
218 694 352 775 fuerent,
374 715 445 763 esse
466 697 608 780 desi-isse,
630 700 665 762 ut
684 679 820 783 primum
842 699 901 760 eut
917 695 1125 782 manciparint
1143 715 1217 782 per*

142 813 191 876 tes
213 811 303 878 lundi
324 817 379 879 aut
409 813 562 879 cesserint
593 815 627 879 in
646 805 727 880 'iure
755 807 814 880 aut
846 813 1021 878 nouissimo
1044 817 1127 880 certe
1147 813 1214 878 iure
1249 826 1251 836 ·

141 925 330 996 tradiderint
355 932 491 998 inuicem
519 965 557 978 -
579 953 644 998 non
669 953 742 998 raro
762 935 887 1016 totum,
925 950 1018 1016 quem
1049 933 1122 996 ante
1157 929 1217 998 hav

143 1045 279 1113 buerant
303 1069 361 1136 pro
383 1049 521 1116 indiuiso
544 1067 757 1136 communem,
791 1051 884 1116 etiem
906 1069 990 1115 nunc
1007 1073 1052 1104 e·-
1072 1067 1129 1135 pro
1161 1048 1215 1129 ,ui—

144 1165 216 1230 uiso
229 1201 270 1212 -
286 1185 481 1233 communem
503 1167 634 1234 fundum
655 1167 771 1254 habere
793 1143 874 1234 dicti·
890 1165 1129 1253 assendentes
1145 1164 1213 1247 iit

226 1284 382 1372 depexi
425 1283 494 1350 Iam
512 1290 547 1350 ut
567 1289 762 1350 reuertamur
783 1286 886 1371 adid,
910 1283 1003 1370 qnod·
1016 1300 1111 1370 supra
1133 1283 1215 1349 dini·

97 1428 103 1432 ·
143 1419 231 1485 muS,
260 1421 357 1471 unum
387 1425 425 1470 ex
445 1403 542 1469 sociis
565 1403 723 1469 communi
743 1403 871 1490 praedio
893 1402 1078 1487 seruitutem
1098 1403 1217 1470 nullam

144 1519 306 1603 acquirere
326 1542 437 1608 posse:
473 1542 510 1587 eo
540 1521 609 1608 ipso
630 1521 749 1586 dictum
771 1525 834 1607 est,
867 1541 976 1586 omnes
999 1520 1103 1586 socios
1123 1519 1218 1586 simul

144 1639 328 1712 seruitutem
355 1639 583 1706 constituentes
612 1639 731 1704 utiliter
764 1659 835 1736 cam
864 1638 1063 1704 constituere.
1085 1636 1217 1723 'ltaque

145 1755 172 1818 si
195 1755 256 1821 duo
280 1757 374 1843 socii,
403 1758 494 1824 hines
523 1759 618 1824 aedes
646 1759 701 1844 qui
722 1775 903 1823 communes
929 1755 1063 1841 habent,
1100 1755 1217 1822 altores

144 1891 252 1938 earum
270 1875 368 1940 simul
389 1880 571 1963 praesentes
594 1867 737 1960 tiedunt,
760 1876 805 1941 nil
825 1875 890 1939 fere
912 1873 1026 1960 obstat,
1049 1873 1216 1959 quominus

145 1991 260 2056 trudito
282 1993 419 2079 praedio
442 1995 627 2060 seruitutem
648 1995 767 2060 utiliter
787 1993 961 2076 iniungant.
1004 1991 1114 2076 „Idem
1132 1992 1217 2058 enim

143 2107 239 2174 simul
277 2107 406 2176 efficere
434 2131 603 2198 possumus
638 2134 675 2178 ac
703 2113 730 2178 si
756 2133 815 2203 ego
845 2111 932 2176 solus
953 2109 1096 2196 proprias
1125 2109 1216 2176 binas

111 2243 115 2254 ·
143 2227 239 2292 aedes
266 2228 444 2294 haberem.“
494 2228 558 2296 Sed
584 2229 763 2315 requirebat
794 2230 879 2295 uitae
907 2227 1109 2312 quotidianae
1137 2217 1214 2294 usus

143 2363 180 2409 ac
202 2344 272 2431 ipsa
297 2347 487 2430 necessitas,
520 2353 556 2414 ut
587 2348 723 2434 plurium
745 2347 884 2413 eiusdem
915 2345 1036 2432 praedii
1058 2345 1216 2412 socierum

144 2455 277 2546 singulis
305 2465 463 2530 communi
489 2465 620 2552 praedio
648 2465 831 2534 seruitutem
853 2465 946 2530 etiem
969 2464 1153 2552 seperatim,
1185 2465 1217 2531 ei
1279 2459 1281 2466 '

140 2579 236 2645 modo
259 2582 354 2646 ceteri
370 2584 605 2668 consentirent,
639 2583 800 2669 acquirere
828 2584 883 2648 uel
908 2583 1070 2668 imponere
1098 2583 1216 2668 liceret,
1274 2590 1278 2597 '

142 2717 255 2785 quum,
279 2700 445 2785 quominus
469 2723 579 2766 omnes
601 2701 694 2766 simul
716 2701 756 2766 ad
777 2701 959 2766 seruitutem
983 2699 1120 2785 aliquem
1139 2721 1217 2767 con*

142 2816 333 2882 stituendam
353 2849 355 2856 ·
374 2819 536 2902 adessent,
573 2819 680 2884 multis
699 2817 810 2884 ‘rebus
844 2837 939 2904 saepe
981 2817 1216 2904 impedirentur.

144 2933 218 2998 Non
246 2935 450 3001 tamenideo
481 2936 519 3000 ab
546 2936 676 3022 entique
702 2937 826 3020 regala:
869 2935 953 3019 „Pro
972 2940 1062 3022 parte
1084 2957 1142 3002 nec
1163 2957 1218 3002 ao·

143 3052 227 3136 quiri
248 3073 307 3118 nec
327 3053 447 3141 imponi
468 3054 606 3120 seruitus
626 3052 760 3140 potest“,
780 3055 885 3126 recedi
906 3058 1048 3141 poteret<
1081 3055 1216 3140 Verum

142 3173 248 3236 temen
270 3171 308 3236 ab
332 3172 430 3238 altera
452 3174 539 3257 parte
560 3191 664 3256 neque
684 3171 1035 3260 intellegi-poteratis,
1069 3173 1124 3258 qui
1150 3173 1217 3259 pri·

48 3333 55 3348 ,
142 3304 214 3352 mus
235 3287 385 3354 cessisset
405 3289 457 3355 uel
479 3289 701 3374 aequisiuisset
720 3291 919 3376 seruitutem,
933 3330 936 3340 ·
950 3291 1009 3356 suh
1037 3290 1216 3358 conditione

144 3425 183 3472 ea
209 3407 435 3473 esmcessisse
455 3407 508 3473 uel
529 3397 751 3495 acquisiuisse‚
777 3413 820 3478 ut
845 3408 960 3493 reliqui
983 3428 1112 3494 quoque
1136 3429 1213 3476 com

145 3523 264 3588 domini
286 3523 709 3610 cederent-acquirerentre:
731 3527 804 3610 quie
824 3525 975 3592 nolebant
986 3525 1123 3591 Romani
1139 3541 1217 3594 cons

144 3641 296 3707 ditionem
333 3643 367 3708 in
398 3643 552 3709 seruitute
583 3644 807 3713 constituenda
831 3644 994 3712 admittere
1011 3645 1078 3728 ⁹⁵).
1127 3643 1216 3727 Quas

176 3965 228 4038 84)
248 3969 286 4022 cf.
305 3985 361 4038 arg.
378 3971 446 4022 End
465 3975 607 4035 quemdm.
626 3976 725 4024 serultt.
744 3976 823 4025 amin.
843 3980 869 4024 et
886 3976 919 4025 ed
936 3977 963 4026 ld
975 3973 1119 4029 Cvmorvsr
1136 3977 1154 4030 l.
1172 3991 1213 4044 c.;

249 4079 289 4129 Fr.
306 4079 343 4128 ld
365 4091 404 4141 pr.
422 4081 455 4129 «le
473 4089 541 4140 poss.
557 4079 597 4130 Fr.
614 4078 649 4134 29
668 4081 701 4129 <le
718 4080 748 4130 Α.
766 4080 797 4132 ll.
813 4081 842 4152 ¹³2
860 4082 899 4132 Fr.
919 4080 1216 4150 os.1edsreo,eor.

249 4187 389 4252 Samum,
412 4187 525 4252 system,
549 4187 572 4237 1.-
589 4183 610 4252 S·
624 4187 658 4238 20
675 4192 728 4238 not.
745 4183 813 4254 ης
832 4188 869 4238 8⁰
884 4201 909 4251 p.
931 4191 983 4242 ³1³
994 4205 1072 4256 ης.
1089 4191 1213 4243 Wesen-

249 4303 317 4360 mn,
345 4291 410 4342 liber
433 4291 558 4357 llcllung
581 4295 636 4342 und
659 4293 830 4345 Thellbrrlrelt
853 4297 900 4346 der
924 4298 1018 4348 Saehen
1043 4302 1096 4350 und
1119 4299 1214 4352 licente

250 4399 292 4446 ln:
309 4397 489 4471 (linarolis,
507 4404 566 4450 tem
585 4396 688 4451 Xlel.
706 4413 732 4462 p.
751 4402 802 4451 1⁷⁷
820 4412 891 4466 seqq.
927 4433 929 4440 ,
971 4439 973 4446 .
1151 4443 1153 4448 .

100 4565 108 4574 .
177 4502 232 4568 85)
251 4504 292 4564 En
307 4501 377 4557 410
394 4504 541 4560 uertisset„
559 4507 840 4578 cunesvsnessow,
854 4509 876 4560 l.
887 4505 951 4576 es
970 4511 1024 4560 illd
1040 4507 1145 4572 pem
