3092 5258
622 517 830 586 „aq-
915 587 919 604 ι

92 769 96 774 ,
190 697 474 786 φιίᾶωοῂίὣιϊ,
496 698 539 781 id,
561 661 647 784 qnod
667 701 761 764 antee
782 698 849 765 inre
870 697 1002 772 dominii
1023 697 1193 778 habueram
1214 681 1274 766 toz

190 821 242 884 tus
264 816 400 901 denique
428 815 567 882 omnium
596 815 819 882 decoctionum
849 799 977 882 effectus
1008 815 1041 880 in
1075 837 1113 882 eo
1142 815 1264 902 positio

134 955 139 962 ·
189 936 249 1018 est,
269 937 306 1000 nt
322 933 364 1013 is,
382 932 442 1018 qui
463 932 598 1015 alienat,
621 935 743 1016 caueot,
763 951 804 1000 ue
826 933 954 1018 aliquid,
977 931 1063 1016 quod
1082 935 1263 1000 retenturus
1283 983 1292 1008 ,

191 1054 254 1134 est,
273 1049 465 1122 alienatione
485 1050 776 1134 comprehendatur.
841 1103 844 1108 .
893 1073 896 1091 ¹

274 1167 358 1234 Hinc
378 1166 407 1232 si
427 1166 503 1235 licet
519 1166 733 1236 conieotruam
746 1167 866 1252 iacere,
888 1171 1036 1234 constare
1056 1167 1199 1267 uidetur:
1223 1167 1265 1248 id,
1373 1155 1378 1164 ’

190 1285 227 1352 in
245 1305 309 1371 quo
333 1284 503 1352 seruitutes
525 1285 717 1369 consistant,
746 1305 816 1350 esse
838 1285 1010 1372 particulas
1022 1285 1185 1383 ¹quasdam
1207 1285 1266 1350 do·-
1296 1372 1299 1382 Δ

191 1401 281 1468 minii
301 1401 464 1468 ab'eltero
480 1401 619 1468 dominio
641 1401 816 1469 abstractas
832 1403 987 1487 alterique
1005 1403 1138 1470 additas.
1160 1402 1265 1488 Atque

86 1587 107 1594 ,
192 1519 253 1588 aec
272 1517 399 1603 ¹egregie
420 1518 623 1608 confirmatam
650 1537 698 1601 eo,
722 1519 821 1606 quod,
844 1521 1001 1606 quomodo
1020 1521 1091 1606 quis
1114 1519 1176 1586 sibi
1197 1538 1266 1584 ser-

190 1637 311 1706 uitutc's
330 1635 459 1721 rocipit,
482 1635 593 1710 eodem
614 1637 771 1702 etcertas
792 1639 973 1724 corporales
995 1659 1047 1704 res
1069 1657 1109 1702 err
1129 1657 1165 1702 re
1186 1635 1267 1722 alie.-

179 1753 454 1840 ,rr'a'nda'exoipere
475 1755 597 1839 potest:
620 1771 700 1837 quas
715 1753 841 1838 quidm
863 1758 895 1822 ct
908 1755 994 1841 ipsas
1016 1755 1063 1822 nil
1075 1754 1162 1820 aliud
1184 1773 1265 1836 esse,
1388 1737 1404 1772 ·.

191 1872 255 1942 nisi
273 1869 422 1968 dominii,
444 1871 538 1954 quale
560 1869 680 1952 iuerat,
701 1874 825 1957 partes,
845 1890 929 1939 nunc
952 1877 1115 1959 separatas
1137 1872 1177 1938 ab
1198 1873 1265 1956 illc,

191 1981 303 2060 facile,
317 1985 515 2074 perspicitur.
557 1985 596 2052 Io
618 2007 655 2054 eo
685 1991 791 2056 tamen
818 1990 959 2074 positum
988 1994 1038 2056 est
1058 1990 1140 2056 inter
1162 1993 1267 2056 cetera

191 2104 326 2176 iura‘in
347 2123 382 2170 re
409 2102 580 2171 discrimen
609 2106 641 2168 et
662 2095 849 2188 seruitutes',
881 2102 967 2192 quod
987 2107 1038 2172 his
1060 2091 1170 2172 insum
1189 2125 1267 2174 uere
1308 2171 1311 2178 ,
1384 2171 1389 2178 .

138 2209 145 2215 ”
190 2221 364 2310 particariae
384 2215 541 2305 quaedtim
569 2219 700 2289 dominii
727 2222 825 2289 attero
849 2223 994 2309 demptae
1016 2224 1108 2290 alteri
1130 2223 1266 2303 additae,

190 2339 321 2408 illorum
345 2340 462 2405 natura
492 2337 584 2420 tatis,
610 2341 647 2404 ut
674 2339 775 2424 magis
803 2340 976 2426 arte-'facta
997 2345 1029 2406 et
1062 2359 1102 2406 ex
1131 2360 1165 2406 se
1186 2341 1266 2426 ipsis

191 2453 342 2538 oriunda,
363 2473 429 2526 non
459 2474 507 2520 en·
525 2453 675 2537 dominio,
701 2455 734 2520 in
763 2475 826 2541 quc
847 2457 996 2542 hacrent,
1029 2461 1176 2544 separate
1195 2457 1267 2524 iura

112 2573 120 2590 “
192 2571 383 2640 contineant.
424 2562 566 2654 Indeque
587 2569 704 2639 iactum
731 2577 796 2656 eet,
817 2577 853 2640 ut
873 2573 981 2658 recipi,
1003 2573 1183 2671 excipi—ret.
1210 2573 1268 2640 illa
1395 2599 1396 2604 ¹

193 2707 350 2774 nusquam
378 2705 398 2750 a
427 2685 584 2755 Romanis
620 2687 779 2756 dieantur:
813 2709 909 2775 quum
943 2693 1038 2754 autea
1063 2689 1097 2754 in
1128 2689 1268 2757 dominio

191 2803 454 2890 iusisseinteliegi
475 2805 564 2872 nullo
585 2805 681 2873 modo
701 2807 835 2892 possint

192 2914 196 2922 ’
244 2922 403 2989 Ἠθιιθῐα
420 2922 863 3010 αυῑεηιραῐῖίοιιῑαεᾰοωίιίἰ,
886 2925 914 2991 si
935 2925 1071 2990 seruitus
1094 2924 1271 2990 constitua-
1358 2881 1359 2890 ¹
1407 2975 1419 2980 -

192 3039 321 3120 tanao
344 3039 444 3108 altero
466 3038 606 3105 dominio
620 3041 761 3125 separari
781 3045 1006 3128 separatosque
1023 3041 1115 3108 alteri
1128 3041 1269 3126 concedi,

194 3155 416 3243 comprobatur
450 3173 490 3220 er
524 3153 606 3241 ipsa,
625 3176 734 3250 quam
754 3157 895 3226 Romani
922 3159 1075 3224 seruitute
1097 3159 1270 3224 constituta
1347 3144 1379 3198 ἶ
1510 3163 1515 3172 ’

193 3257 393 3361 proponunt,
425 3272 556 3342 dominii
591 3275 759 3356 seruientia
794 3275 1038 3362 circumscripti,
1077 3274 1269 3345 dominantis

194 3390 317 3472 extensi
338 3389 483 3460 noiomo:
746 3379 754 3392 ¹
979 3473 981 3479 Α

226 3544 231 3559 ·
277 3545 338 3594 ,‚·-
358 3507 595 3592 Impositiciam,
627 3527 723 3592 quum
745 3510 832 3594 quis,
859 3515 1066 3596 posteaquam
1101 3509 1155 3574 ius⁴
1179 3529 1271 3574 suum

194 3627 376 3710 demumr,
399 3624 534 3697 aterius.
550 3625 690 3695 aaaron
715 3648 742 3692 e.
769 3631 938 3714 postquam
966 3626 1151 3694 seruitutem
1184 3625 1273 3690 acdi-v

195 3746 254 3815 bus
276 3742 531 3828 suisiruposuit,
554 3746 665 3810 conoe
686 3745 870 3813 seruitutem
891 3742 996 3811 fecit.“
1017 3743 1092 3824 10θ)
1129 3786 1131 3794 ·

232 3903 239 3910 -
278 3861 348 3926 Hoc
369 3860 475 3944 igitur,
496 3880 610 3946 nempe
643 3861 795 3928 senritute
823 3863 995 3928 constituta
1023 3861 1122 3926 minui
1150 3860 1272 3952 abbae

202 3979 289 4066 parte
311 3974 500 4060 dominium,
518 3969 561 4042 'ab
584 3977 640 4042 illa
663 3964 807 4063 extendi,
828 3979 901 4045 huic
916 3979 1102 4064 particulam
1131 3975 1273 4042 abstrahi

197 4095 348 4178 dominio,
369 4092 511 4174 illiaddi,
535 4094 563 4159 si
577 4093 789 4179 concedimus,
812 4097 873 4162 cluo
897 4097 1040 4164 criuntur
1053 4094 1272 4182 quaestiones:

196 4196 298 4300 prior,
321 4211 397 4298 quid
419 4199 544 4305 quoque
567 4233 643 4279 casu
666 4214 703 4280 de
716 4213 855 4280 dominio
869 4214 1033 4299 eximatur,
1055 4213 1149 4298 quale
1171 4231 1273 4296 quan-

200 4380 598 4394 „mutan—M...-

218 4489 285 4554 ωε)
306 4489 345 4539 rr.
365 4488 382 4538 c
401 4484 417 4554 s
436 4489 453 4539 o
472 4489 505 4537 ae
523 4485 551 4537 o.
569 4486 599 4537 u.
617 4485 646 4535 u.
