3092 5258
617 504 824 576 257*

183 685 310 770 iiitbus,
342 649 579 769 cuiubligutus
613 690 681 758 erat
707 686 855 760 moditor
868 686 922 758 ,ad
954 685 1188 760 usumfruebrm
1213 686 1261 754 rei

184 800 427 888 praestandum,
448 821 515 868 ocu
535 805 702 872 contentus
725 803 800 886 crit,
835 804 924 878 sica
943 819 1018 888 res,
1047 802 1136 909 cuius
1162 820 1261 881 (ειη,-

167 919 305 1020 jbuebu
323 918 394 1006 ipse
408 918 584 990 uenditoris
607 925 671 1006 est,
684 919 818 990 fruenda
839 919 879 988 ab
894 921 949 990 illc
960 921 1002 989 ci
1015 920 1168 994 ¹duntaxat
1183 939 1261 984 con-

184 1153 235 1236 sit,
257 1173 295 1218 eo
316 1153 411 1219 modo
433 1153 633 1220 ususfructus
655 1156 839 1222 exercitium
853 1155 937 1242 apud
946 1155 1050 1241 ipsum
1072 1155 1128 1220 sit:
1153 1156 1260 1219 tamen

185 1289 225 1336 ex
245 1268 300 1336 illo
321 1274 446 1338 mortuo
469 1276 524 1338 aut
552 1271 653 1358 capite
680 1272 801 1338 minuto
825 1289 917 1344 omne
938 1273 989 1338 ius
1016 1271 1141 1360 perdet:
1170 1271 1260 1336 Hane

185 1387 225 1452 ub
242 1407 319 1472 rem,
332 1387 471 1474 inquam,
492 1409 558 1454 nou
571 1392 737 1454 contentus
749 1389 862 1474 Titius,
882 1390 1016 1456 risuum
1029 1387 1259 1456 usumfructum
1373 1441 1376 1446 .

181 1503 331 1573 uenditor
359 1507 389 1571 ci
419 1507 604 1585 concedere.
618 1507 720 1588 nolet,
748 1491 907 1594 exposcet
926 1519 960 1572 se
988 1508 1035 1576 rei
1051 1507 1159 1594 ipsum
1180 1523 1259 1570 usu—

183 1621 388 1702 fructuarium
416 1623 671 1712 peruenditorom
699 1623 791 1695 effici.
837 1623 880 1693 Et
908 1625 1057 1710 qnoniam
1084 1624 1137 1691 ita
1149 1639 1260 1693 rursus

184 1731 373 1825 aserdan
373 1741 650 1816 tuendorun
657 1742 735 1827 qui
766 1741 918 1826 quidem
919 1741 1012 1808 nihil
1030 1740 1105 1810 doio
1133 1737 1198 1823 egit
1218 1773 1258 1784 -

183 1857 333 1922 conuenti
362 1858 487 1925 aTitio
522 1859 660 1937 conditio
688 1860 843 1938 deterior
861 1858 1030 1944 efficiatur,
1066 1876 1160 1943 quam
1188 1875 1258 1920 eam

183 1991 254 2038 esec
275 1973 360 2041 bona
380 1975 459 2042 fides
480 1976 612 2062 patitur:
641 1981 727 2044 recte
747 1980 839 2064 putat
859 1976 1052 2042 Mnxcrcxvs
1074 1978 1106 2040 et
1125 1973 1196 2060 ipsc
1219 1991 1258 2037 eu
1337 1973 1342 1976 ’

171 2110 260 2156 :casu
282 2110 321 2158 ex
341 2093 471 2159 uendite
495 2094 652 2160 actionem
674 2093 703 2158 ei
724 2094 966 2183 concedendam,
987 2097 1023 2159 nt
1034 2095 1135 2158 emtor
1155 2091 1259 2180 patia-

182 2209 233 2271 tur
254 2200 339 2274 Titio
361 2211 395 2274 in
418 2197 548 2276 aedibus
564 2209 803 2277 'usumfructum'
821 2211 980 2278 constitui.
1057 2225 1059 2228 ·
1096 2210 1099 2220 ’
1214 2191 1217 2196 ’

263 2323 371 2409 Haec
381 2327 426 2394 rta
434 2329 589 2414 demnm“
602 2327 689 2393 add1t
698 2327 860 2396 Vxemuvs
870 2327 1070 2393 Munormvu
1082 2345 1258 2412 scupsrssc,

180 2440 229 2526 „si
250 2439 449 2544 recipiendae
472 2443 634 2511 seruitutis
657 2447 759 2530 gratia
778 2445 861 2512 idm
872 2445 1105 2532 mancipatione
1127 2439 1257 2529 expres·
1331 2434 1333 2438 ’

181 2579 252 2626 sum
266 2559 337 2626 est:
360 2565 410 2628 oct
411 2583 499 2630 erum
520 2562 646 2650 siquis,
668 2564 779 2649 iu'quit,
802 2563 923 2628 ueritus
950 2583 990 2626 ne
1013 2561 1150 2628 seruitus
1168 2559 1233 2625 Tit
1210 2561 1254 2625 tro

182 2675 352 2765 debeatur,
374 2679 447 2746 ideo
469 2679 531 2748 hec
553 2659 691 2768 excepit,
718 2690 784 2748 nou
806 2680 866 2748 crit
893 2699 933 2746 ex
952 2679 1082 2744 uendite
1106 2677 1205 2760 actio,
1228 2675 1256 2743 si

181 2795 301 2864 nullam
322 2799 507 2866 seruitutem
527 2794 702 2886 promrs1t“
949 2798 951 2808 '
1009 2803 1016 2814 ’

163 2908 167 2916 ’
261 2911 345 2980 Nam
367 2915 482 2982 sinon
504 2917 662 3003 obligatus
686 2920 735 2980 est
748 2911 1056 2981 uenditorTitioad
1071 2911 1255 2978 seruitutem

180 3032 423 3116 praestandam
450 3053 514 3097 uon
543 3037 606 3116 est,
637 3053 692 3098 cur
720 3032 832 3119 postea
854 3030 1030 3097 audiendus
1052 3029 1111 3113 sit,
1134 3032 1255 3114 petens',

179 3144 427 3232 usumfructum,
449 3169 543 3234 quem
564 3147 632 3236 ipse
653 3149 800 3234 retinuit,
828 3147 912 3215 Titio
935 3147 1086 3212 constitui
1109 3149 1164 3212 aut
1186 3165 1255 3210 ser-

111 3333 117 3342 ,
180 3247 330 3350 uitutem,
353 3284 448 3350 quam
471 3263 610 3352 excepit,
631 3256 709 3332 Titii
730 3259 859 3352 praedio
874 3265 999 3330 cuidam
1021 3263 1158 3348 acquiri:
1182 3264 1256 3353 quia

180 3384 269 3464 tunc,
303 3381 330 3446 si
350 3357 425 3448 'non
454 3371 613 3467 obligatus
648 3377 836 3463 erat'Titio,
871 3400 936 3445 non
964 3379 1090 3444 uidetur
1119 3377 1255 3442 deterior

179 3495 319 3564 conditio
341 3494 408 3564 cius
430 3497 498 3564 fieri
520 3521 576 3582 eo,
599 3497 780 3584 quchitio
803 3497 987 3584 seruitutem
1009 3494 1083 3559 dar'e
1105 3494 1169 3560 iam
1190 3515 1255 3560 non

165 3617 292 3700 ‘potest
334 3613 487 3700 Ideoque·
508 3615 535 3680 si
563 3621 690 3702 propter
711 3635 829 3681 uanum
852 3613 1008 3700 quendam
1030 3611 1176 3677 timorem
1197 3609 1253 3676 iila
1380 3687 1384 3698 „

179 3729 309 3813 adiecit,
331 3753 371 3796 ne
394 3733 530 3798 seruitus
552 3731 636 3798 Titio
660 3729 842 3798 deberetur:
875 3750 934 3795 nec
955 3727 1150 3816 recipiendi
1149 3729 1254 3793 animo
1292 3721 1295 3736 “

177 3847 234 3911 illa
256 3847 354 3912 uerba
384 3849 538 3914 adiecisse
560 3849 702 3934 uidetur,
735 3859 793 3913 nec
797 3843 1030 3930 indulgebitur
1058 3865 1097 3910 ex
1124 3843 1253 3910 uendite
1294 3827 1301 3835 ’

94 4003 101 4010 -
178 3963 271 4028 actio.
290 3939 374 4050 „In
396 3963 487 4030 emtis
512 3967 595 4030 enim
618 3963 649 4031 et
668 3963 815 4031 uenditis
828 3987 868 4058 po
871 3963 933 4029 tius
956 3962 1004 4047 id,
1033 3961 1117 4046 qnod
1140 3966 1254 4047 actum,

180 4101 274 4164 quam
295 4079 337 4166 id,
368 4079 453 4167 quod
481 4081 675 4149 dictum't
626 4085 675 4148 est
680 4079 915 4169 ,sequendum
944 4081 993 4143 est
1011 4075 1097 4166 ¹⁰⁵).
1140 4079 1254 4146 Actum

67 4203 80 4210 ‘
178 4216 248 4262 esse
271 4217 290 4262 a
311 4197 476 4264 uenditorc
498 4196 694 4285 negabimus,
715 4201 752 4264 nt
773 4197 957 4301 seruitutem
977 4191 1062 4261 Titio
1086 4193 1254 4282 exciperet,

178 4357 571 4374 Ἥ

195 4474 261 4541 1⁰⁶)
279 4475 320 4528 Fr.
340 4475 356 4526 o
375 4480 455 4529 centn
474 4480 534 4528 emt.
552 4475 699 4530 Pourcxn.
