3092 5258
578 509 785 581 433..

144 665 238 759 nobis
259 690 399 780 paraturi
424 713 490 760 nun
513 714 637 782 sumus,
667 697 824 762 malumus
846 700 923 762 tune
949 693 1072 764 demum
1099 713 1221 784 parare,

144 829 218 876 oum
238 831 277 876 ea
298 811 390 878 nobis
411 833 490 898 opus
513 813 571 878 erit
586 813 653 894 ²¹).
675 814 776 880 Aliter
795 815 888 901 plene
911 801 1115 882 si'uendimus
1127 835 1220 901 prae-

144 927 247 993 dium:
276 930 338 996 hoo
358 950 434 995 oasu
466 931 600 996 libenter
617 931 768 1017 iacimus,
802 934 839 998 ut
858 931 994 998 ¹casibus
1017 915 1221 1018 'quibuslibet
1284 918 1291 926 ’

143 1047 305 1131 quondam
325 1047 440 1112 futuris
460 1048 688 1134 prospiciamus
705 1051 893 1134 cautumque
904 1049 1054 1116 uelimus:
1075 1053 1220 1137 propter-

144 1185 184 1229 ea
206 1166 290 1249 quod
310 1166 358 1230 rei
394 1165 496 1230 adhuc
516 1167 640 1254 plenam
674 1169 861 1254 potestatem
894 1167 1047 1234 habemus
1083 1168 1218 1252 indeque

142 1281 232 1346 faoili
254 1283 381 1366 nogotio
404 1286 435 1348 et
456 1283 524 1348 sine
552 1283 702 1370 impensis
730 1283 814 1360 idem
842 1285 934 1350 nobis
969 1286 1018 1354 ius
1047 1284 1219 1370 quaesituri

143 1421 271 1487 sumus,
293 1401 394 1486 quod,
421 1401 484 1465 nisi
504 1421 586 1466 nuno
608 1422 642 1467 re
664 1403 786 1484 integra
806 1403 1001 1490 quaerimus,
1033 1402 1125 1470 nobis
1152 1401 1218 1468 ior-

142 1539 202 1583 sen
223 1520 275 1584 uel
295 1519 353 1604 iis,
375 1517 429 1604 qui
449 1519 483 1584 in
503 1519 664 1604 praedium
686 1506 828 1586 nostrum
853 1519 1037 1604 suecedent,
1057 1519 1216 1605 quondam

143 1657 215 1702 cum
235 1637 386 1724 impensis
410 1637 585 1724 parandum
612 1639 684 1703 erit:
712 1642 748 1704 ut
774 1638 911 1704 breuiter
938 1637 1095 1723 dieamus,
1133 1635 1218 1722 quod
1309 1695 1312 1706 .

141 1756 204 1821 hoo
226 1755 319 1820 modo
349 1741 497 1820 facillime
524 1755 645 1842 praedii
673 1757 787 1822 retenti
814 1756 915 1822 nostri
936 1756 1068 1842 pretium
1097 1754 1217 1829 arcturi

142 1893 262 1938 sumus.
303 1872 382 1938 Inde
405 1878 508 1938 autem
536 1874 740 1960 perspicitur,
773 1874 895 1940 (lvmcu
927 1874 1217 1960 interpretationem

143 1989 198 2057 Fr
222 1989 273 2058 191
290 1992 435 2076 quamuis
464 1991 644 2058 abnormius
672 1993 777 2078 paullo
806 2013 986 2078 expressam
1003 1995 1124 2059 umen
1151 2011 1216 2061 non

141 2113 208 2174 tarn
239 2107 427 2194 „ienunam“
456 2114 489 2174 et
507 2109 678 2178 absurdam
714 2109 829 2195 uideri,
865 2129 958 2193 quarn
990 2107 1115 2176 uidetur
1146 2129 1216 2177 esse

142 2227 318 2294 clarissimo
344 2228 499 2312 Tainour,
520 2229 567 2293 ita
586 2230 621 2293 ut
641 2227 744 2294 uirum
762 2227 899 2312 ingentis
921 2227 1003 2314 apud
1018 2246 1126 2294 omnes
1138 2225 1215 2296 10²⁰·
1284 2225 1289 2243 ⁸

142 2347 340 2412 auctoritatis
363 2345 544 2410 dormitanti
571 2345 632 2411 hoo
653 2346 724 2411 loeo
743 2345 880 2410 Homero
904 2349 1071 2430 comparet.
1113 2344 1214 2414 Plane

141 2465 226 2530 onim
263 2465 372 2530 eodem
406 2465 553 2549 redeunt,
586 2482 648 2548 quo
683 2466 811 2546 nostra,
844 2481 923 2548 quae
953 2461 1026 2528 dicit
1047 2461 1212 2532 Cuneus:

140 2581 285 2667 „Habere
307 2583 438 2648 uerbum
459 2573 619 2668 optumum
641 2585 699 2666 est,
721 2584 756 2648 ut
772 2583 921 2648 Puavrvs
944 2579 997 2660 ait,
1018 2600 1083 2646 non
1097 2578 1211 2652 habere

141 2703 247 2764 autem
267 2702 494 2786 pessumum‘t

223 2817 317 2884 quta
337 2834 404 2884 eam
427 2821 532 2884 tamen
551 2818 680 2902 alteram
703 2817 905 2895 sententiam,
934 2835 1026 2900 quam
1054 2818 1090 2880 ut
1117 2813 1213 2878 tutius

139 2937 358 3020 hindaremus,
380 2936 473 3002 modo
496 2935 638 3002 dedimus
661 2955 797 3020 operam,
819 2934 911 3000 tertia
932 2932 1104 3001 inuenitur:
1128 2951 1214 2996 com-

140 3056 288 3121 mendata
305 3031 328 3121 'a
351 3055 525 3122 Gnnnrnuo
546 3053 663 3119 Noonr
676 3051 755 3136 Π),
783 3073 803 3117 a
823 3051 1005 3119 Scuvnrmu
1024 3048 1098 3133 13),
1113 3099 1115 3113 .
1129 3053 1159 3114 et
1179 3051 1215 3112 ut

176 3217 224 3284 71)
243 3217 362 3270 Celemna
379 3233 412 3268 ne
430 3221 551 3284 dumus,
572 3219 633 3277 urrln
651 3215 711 3265 milri
729 3217 760 3264 ab
779 3215 859 3264 altero
883 3215 959 3262 etlam
977 3213 1081 3260 consedi
1102 3209 1213 3260 semitas

245 3329 338 3393 possit,
363 3326 505 3387 quaerum
530 3337 598 3374 nune
622 3325 725 3384 quidem
742 3335 793 3372 non
823 3321 894 3369 utllls
919 3325 972 3384 est,
1001 3319 1066 3382 sed,
1094 3317 1212 3377 uuonlum

244 3434 331 3482 tortura
348 3434 434 3483 forsan
453 3433 522 3481 ulllls
542 3437 595 3494 est,
621 3431 716 3490 praedii
736 3431 786 3478 mel
807 3430 917 3488 pretium
933 3412 1028 3488 auget,
1059 3424 1126 3472 huno
1144 3434 1211 3482 pone

245 3552 345 3589 earum:
366 3541 449 3588 medlo
474 3542 501 3587 ln
520 3540 584 3588 urbe
601 3549 686 3586 aream
714 3548 763 3599 ego
780 3535 877 3598 haheo,
896 3545 946 3582 non
964 3537 1015 3580 turn
1041 3529 1163 3594 lunulas,
1182 3535 1211 3577 ut

244 3646 379 3698 aedllleare
404 3647 435 3693 lu·
449 3657 479 3694 ea
499 3647 601 3706 possin.
638 3612 741 3697 Arduus
760 3643 862 3704 quidam
886 3639 1001 3690 eonoedlt
1025 3637 1085 3686 mlhl
1104 3637 1136 3686 ιιι
1154 3647 1211 3709 epm

243 3765 329 3802 aream
358 3754 509 3804 seruitutem
531 3752 606 3804 allium
635 3763 685 3798 non
712 3749 817 3826 tollendi
846 3760 877 3796 ex
891 3747 948 3814 vsuis
977 3745 1082 3793 aedlbus
1109 3744 1210 3791 uicinis.

244 3857 322 3908 Recte
340 3860 488 3908 serrdtulmn
510 3860 670 3934 constiturum
688 3857 777 3918 opinor
801 3856 849 3904 elsl
877 3852 936 3902 milri
956 3853 1058 3912 quidem
1075 3863 1124 3899 non
1141 3849 1211 3899 utllls

244 3968 291 4014 slt:
316 3968 405 4016 eadem
432 3977 542 4026 namque
567 3965 674 4014 fortasse
691 3963 827 4012 lreredllrus
851 3963 914 4008 mels
935 3959 1029 4024 nuclei,
1056 3961 1096 4007 eru
1126 3970 1211 4007 aream

241 4073 368 4140 neudum,
392 4073 413 4122 sl
432 4073 534 4133 onmem
551 4073 571 4120 ll
594 4073 670 4120 aedes
688 4072 715 4118 lu
742 4081 802 4118 area
819 4066 970 4116 erslrncturl
988 4072 1065 4130 sunt„
1093 4065 1209 4140 erpediet

243 4181 289 4240 uti.
324 4179 431 4242 Argum.
449 4179 488 4230 Fr.
509 4180 543 4227 1⁰
561 4179 632 4226 des.
652 4175 680 4226 P.
700 4175 742 4224 lt:
766 4187 842 4240 „uam
860 4175 883 4220 sl
907 4173 983 4220 licent
1006 4154 1117 4220 nondum
1134 4171 1208 4219 aedi·

243 4285 319 4334 liceto
337 4285 452 4336 nedlfido
469 4287 620 4334 seruitutem
637 4278 816 4332 constituere“.

174 4392 220 4455 72)
239 4385 410 4442 Probubtllum
427 4391 472 4442 llb.
493 4391 504 4438 l
522 4402 578 4452 oap.
595 4391 627 4440 ll.

173 4498 220 4563 73)
239 4496 317 4548 Notae
334 4497 367 4583 nd
384 4497 488 4561 lugam
504 4497 537 4546 ud
554 4495 594 4547 lr.
614 4496 646 4546 19
664 4496 706 4546 rit.
803 4541 805 4550 .
