3092 5258
593 523 778 588 ..9-

234 699 320 786 cap.
341 699 400 768 ΠΙ.
426 701 605 787 Ὀτίςίῃοῐῐι
627 703 722 768 traxit
743 703 794 768 hic
809 704 1014 791 praedialium
1035 703 1221 770 seruitutem

151 808 442 886 constituendarum
476 821 589 887 modus
621 821 655 885 in
681 822 869 908 recipiendis
896 823 936 887 iis
967 822 1091 909 positus
1112 813 1223 908 procui

146 933 245 1024 ¹dubio
273 937 362 1023 inde,
385 937 469 1024 qnod
491 957 606 1024 saepe,
634 939 689 1024 qui
716 957 757 1035 er
784 939 923 1022 duobus,
951 957 1033 1024 quae
1059 939 1221 1022 habuerat,
1329 1019 1332 1024 ¹

151 1053 266 1118 uicinis
292 1055 429 1140 praediis
458 1055 590 1122 alterum
617 1056 742 1142 uendit,
776 1055 885 1142 utique
911 1058 1061 1122 seruitute
1093 1057 1222 1124 uendite
1305 1053 1308 1058 ’

150 1171 279 1258 praedio
309 1172 502 1261 imponenda
533 1173 662 1258 indiget.
704 1172 875 1240 Multorum
910 1175 992 1240 enim
1023 1175 1223 1260 praediorum

151 1289 329 1356 uicinorum
356 1291 429 1356 talis
455 1290 535 1356 situs
567 1311 604 1357 ec
631 1291 769 1357 conditio
792 1295 855 1377 est,
883 1297 919 1358 ui
946 1293 1075 1359 alterius
1103 1293 1224 1380 praedii

151 1407 297 1476 domium
319 1407 388 1474 eine
410 1409 561 1475 seruitute
582 1409 711 1475 alterius
731 1409 859 1495 praedio
882 1411 1030 1498 imposita
1051 1431 1108 1476 suo
1131 1431 1223 1496 prae-

152 1525 204 1590 dio
226 1547 290 1592 non
328 1527 591 1612 quemadmodum
611 1528 689 1593 uelit
721 1531 776 1594 aut
809 1549 874 1593 non
895 1529 963 1594 sine
996 1529 1142 1594 molestia
1177 1529 1225 1593 uti

146 1644 261 1729 possit.
301 1643 425 1726 Quodsi
445 1646 608 1732 utriusque
634 1646 755 1730 praedii
776 1665 858 1712 unus
881 1633 1041 1713 dominus:
1072 1647 1224 1712 seruitute

149 1781 216 1827 non
230 1767 379 1848 opnsest.
407 1762 490 1828 Nam
511 1769 576 1830 tum
590 1763 718 1848 omnia,
739 1763 773 1828 in
793 1764 908 1849 quibus
931 1765 1099 1830 seruituies
1119 1765 1224 1830 consi-

152 1883 256 1964 stunt,
278 1880 405 1946 domiuo
429 1881 462 1945 in
480 1881 630 1946 alterutro
649 1881 752 1946 iacere
769 1881 843 1947 licet
856 1881 984 1966 praedio
997 1883 1065 1949 iure
1085 1881 1225 1966 dominii,

152 2017 218 2083 nou
233 1998 300 2064 iure
316 1998 492 2064 seruitutis.
514 1997 552 2063 In
568 2001 668 2065 totum
682 1999 777 2083 igitur
793 2002 897 2065 statuo
912 2000 1012 2086 ipsam
1025 1999 1225 2086 praediorum

126 2115 376 2192 „necessitatem
396 2115 494 2181 finisse
510 2125 667 2198 'causam
705 2137 745 2182 en
772 2137 834 2202 qua
861 2117 912 2182 hic
934 2117 1224 2183 constituendarum

154 2233 342 2300 seruitntum
374 2233 489 2300 modus
525 2233 659 2300 oriretur
672 2231 740 2315 ²³).
797 2232 909 2314 Quoad
942 2235 1043 2322 ipsam
1079 2237 1224 2301 naturam

153 2355 260 2417 ¹autem
282 2355 314 2416 et
348 2352 486 2416 indolem
508 2351 602 2417 huius
634 2351 822 2436 receptionis
846 2353 1032 2430 seruitutem
1059 2352 1227 2441 dupliciter

150 2473 230 2554 puto
247 2469 509 2536 ratiocinandum.
534 2469 582 2535 Ab
606 2471 705 2536 altera
727 2471 810 2535 enim
831 2473 919 2554 parte
941 2470 1117 2555 dicendum,
1139 2469 1225 2555 quod

157 2587 308 2653 cernit-ute
329 2590 455 2673 recepta
482 2587 565 2673 apud
585 2588 721 2673 priorem
743 2587 903 2653 dominnm
924 2591 1065 2652 remanet
1097 2587 1225 2672 aliquid,

155 2705 242 2790 quod
263 2705 331 2791 ipse
353 2707 446 2770 antea
467 2704 637 2787 habuerat;
665 2725 730 2771 non
748 2707 876 2792 plenum
898 2727 934 2770 ac
962 2705 1094 2771 liberum
1117 2725 1136 2770 a
1156 2723 1225 2770 ser—

154 2823 255 2888 uitute
275 2821 429 2910 principio
455 2822 628 2888 dominium
660 2822 706 2887 roi
740 2822 781 2888 ad
807 2824 940 2888 alterum
968 2822 1155 2888 transfertur
1188 2805 1245 2904 tc,

154 2942 309 3006 menslato
332 2940 615 3009 demumseruitus
636 2939 808 3026 imponitur
830 2941 884 3005 sed
908 2941 1013 3005 statim
1035 2944 1225 3024 coangusta-

156 3062 223 3124 tum
245 3041 397 3124 seruitute
422 3061 453 3122 et
479 3057 747 3144 circumscriptum
775 3058 815 3124 ad
835 3058 992 3144 mancipio
1022 3058 1226 3143 accipientem

118 3253 126 3264 ἱ
154 3177 278 3245 ¹transit.
320 3175 483 3261 Excipitur
503 3175 599 3260 igitur
624 3176 742 3261 aliquid
771 3197 811 3242 ex
839 3175 984 3243 ¹dominio
1005 3179 1036 3240 et
1056 3175 1088 3240 id
1120 3175 1225 3246 statim

153 3293 240 3381 apud
260 3295 490 3380 mancipantem
523 3303 672 3358 remanet.
715 3293 762 3359 Ab
785 3295 884 3358 altera
916 3297 1020 3358 autem
1051 3297 1139 3378 parte
1161 3313 1226 3358 non

154 3411 485 3498 praetermittendum,
508 3411 593 3496 quod
627 3431 711 3476 nunc
742 3411 878 3477 seruitus
901 3411 1100 3476 constituitur
1107 3433 1115 3494 3
1152 3431 1226 3476 nam

156 3549 241 3595 noua
264 3528 442 3594 omnimodo
477 3528 613 3594 seruitus
644 3529 777 3594 existere
813 3531 922 3594 eodem
955 3531 1130 3611 momento,
1164 3549 1225 3614 quo

154 3647 271 3722 transit
291 3647 394 3732 ipsum
418 3647 588 3718 dominium
609 3649 670 3732 rei,
698 3639 825 3734 incipit,
856 3648 946 3734 quia,
973 3647 1048 3713 licet
1064 3645 1148 3712 idem
1175 3647 1225 3716 ius

110 4031 112 4035 ,
136 4026 143 4036 ,
195 3974 245 4044 2⁶)
266 3977 319 4027 iem
335 3979 396 4028 inte
413 3981 526 4028 indicere
552 3979 621 4043 licet,
639 3991 714 4042 quam
742 3979 823 4029 futilis
849 3979 893 4028 iila
911 3981 1036 4028 sententie
1063 3979 1176 4030 habenda
1195 3982 1228 4032 sit

265 4087 292 4132 in
309 4097 360 4147 qua
378 4090 437 4134 sunt
454 4088 498 4147 qul
516 4087 616 4134 dicunt:
646 4089 796 4135 seruitutem
822 4097 888 4146 qnae
906 4088 939 4134 sit
965 4087 1064 4137 inertilis
1082 4086 1161 4136 fundo
1180 4090 1227 4138 do-

263 4193 382 4259 minanti,
411 4205 468 4241 cum
484 4194 534 4242 alio
552 4195 626 4243 modo
654 4193 772 4242 constitui
789 4199 912 4259 nequeat,
942 4197 1025 4243 minen
1056 4198 1130 4256 posse
1148 4197 1227 4256 recipi
1330 4196 1335 4201 '

264 4300 290 4347 in
308 4300 431 4349 tredendo
448 4299 528 4348 altero
552 4301 663 4361 praedio.
680 4283 744 4348 iiam
762 4301 784 4348 ei
802 4311 867 4360 quae
885 4313 963 4361 snpra
988 4301 1145 4350 exhibuimus
1165 4314 1227 4350 uere

266 4411 337 4454 erint:
374 4408 429 4466 ipsa
447 4407 518 4468 origo
545 4415 574 4454 uc
592 4412 683 4456 nature
701 4407 853 4466 receptionis
871 4407 1023 4457 semitutum
1045 4407 1102 4458 huic
1121 4412 1227 4460 senten·
1283 4377 1288 4389 ⁸

222 4545 239 4594 ”.
267 4512 318 4562 ttae
336 4514 461 4563 contraria
479 4517 525 4562 eat.
555 4513 603 4564 Sed
621 4513 682 4562 uide
699 4511 767 4562 inira
784 4524 839 4595 cap.
855 4508 917 4562 VL'

989 4596 1010 4660 2
