3092 5258
775 475 977 551 qe..

342 651 497 743 inscripta
516 655 644 742 qudem
664 655 791 730 nonius
801 659 962 733 Pourouu
981 657 1056 734 iibr.¹
1074 655 1175 727 pffls
1192 656 1244 727 ed·
1255 655 1415 746 Susurri:
1454 713 1458 721 .

426 774 482 858 „Si
503 776 536 844 in
558 775 740 844 uenditione
762 777 832 862 quis
855 777 968 847 dixerit
989 795 1098 845 scruas
1120 776 1187 845 iore
1204 775 1311 858 aedes,
1334 795 1414 860 quas

341 891 499 975 uendidit,
530 911 661 962 neeesse
695 895 882 964 nonhabet
913 895 1029 966 liberas
1058 895 1205 968 traderer.
1235 913 1333 978 quere
1361 893 1415 961 uel

342 1007 409 1076 suis
431 1010 562 1079 aedibus
584 1033 637 1080 ecs
659 1012 884 1080 seruasiacere
905 1013 1025 1098 potest,
1046 1012 1100 1078 uel
1119 1011 1224 1084 uicino
1240 1010 1413 1078 concedere
1472 1046 1477 1057 ι

343 1129 544 1215 seruitutem,
573 1130 694 1195 scilicet
716 1133 793 1198 aute
815 1129 1024 1205 traditionem.
1066 1130 1166 1198 Plane
1188 1129 1217 1196 si
1237 1128 1322 1199 Titio
1345 1148 1414 1196 ser-

281 1322 284 1329 ,
342 1264 400 1312 uas
421 1246 488 1314 fore
510 1247 606 1329 dixit,
628 1247 658 1314 si
678 1249 804 1334 qudam
826 1247 910 1316 Titio
932 1249 1119 1321 seruitutem
1133 1247 1334 1332 concesserit,
1357 1244 1415 1311 ab·

340 1364 480 1430 solutum
506 1369 571 1447 ast,
599 1367 627 1432 si
654 1386 730 1432 uero
760 1365 814 1433 alii
841 1364 1049 1458 concesserit,
1077 1386 1120 1432 eu
1139 1368 1221 1434 emto
1244 1363 1412 1432 tenebitur·

338 1483 451 1568 Aquo
473 1503 539 1548 non
560 1483 725 1566 abherret,
757 1485 841 1568 quod
862 1481 1053 1580 idmonrpra
1075 1483 1145 1551 libr.
1168 1482 1235 1552 VI⁰
1260 1482 1413 1565 Digesto-

256 1651 260 1664 f
340 1576 411 1666 rum
432 1601 557 1683 scribit,
577 1601 607 1668 ei
629 1601 699 1686 quis
720 1601 754 1668 in
771 1601 928 1670 tredendo
951 1599 1065 1669 dixerit
1085 1599 1217 1680 fundum
1238 1599 1322 1667 Titio
1345 1617 1414 1667 ser·
1491 1599 1494 1606 '

340 1717 427 1802 urs,
455 1737 551 1804 quum
572 1721 603 1786 ei
624 1741 688 1786 non
711 1721 861 1802 conciret,
891 1723 976 1785 esset
995 1721 1100 1787 autem
1120 1717 1279 1802 obligatus
1301 1715 1414 1789 uendi-

341 1838 392 1902 tor
413 1835 497 1904 uitio
528 1837 569 1904 ad
589 1838 773 1906 seruitutem
800 1835 1038 1922 praestandam,
1070 1856 1112 1903 au
1138 1855 1230 1920 agere
1252 1833 1354 1920 possit
1374 1853 1414 1901 cx

340 1953 485 2034 uendite,
518 1957 554 2020 nt
587 1959 685 2028 emtor
728 1954 911 2023 seruitutem
946 1952 1066 2038 imponi
1101 1953 1237 2039 patietur
1271 1952 1412 2038 praedio,

341 2071 427 2156 quod
453 2076 609 2140 mercatus
636 2075 698 2140 est:
731 2071 895 2156 magisque
922 2073 1012 2156 putat
1039 2070 1282 2155 permittendum
1303 2089 1414 2153 agore3

341 2188 486 2274 idemque
509 2189 568 2272 ait,
587 2189 651 2266 'etsi
667 2188 724 2269 ’⁵)
747 2189 850 2276 possit
864 2189 1011 2257 uenditor
1022 2188 1106 2260 Titio
1129 2189 1314 2257 seruitutem
1335 2208 1415 2256 uen-

343 2306 432 2390 dere,
465 2326 565 2393 aeque
600 2327 693 2390 agere
720 2307 972 2394 permittendum.
1022 2306 1109 2372 Haec
1140 2307 1186 2374 ita
1203 2307 1356 2388 demum,
1387 2305 1415 2371 si
1511 2339 1512 2378 θ

340 2422 538 2510 recipiendae
568 2425 730 2490 seruitutis
770 2426 871 2510 gratia
904 2425 937 2490 id
971 2425 1005 2488 in
1032 2423 1201 2490 traditione
1231 2443 1414 2509 expressum
1448 2463 1452 2473 =
1511 2405 1512 2412 ἵ

341 2545 404 2606 est:
427 2546 580 2627 ceterum,
602 2541 630 2607 si
652 2541 737 2628 quis,
759 2541 871 2627 inquit,
894 2541 1024 2626 ueritus,
1044 2563 1084 2606 nc
1101 2541 1237 2608 seruitus
1251 2540 1334 2606 Titio
1358 2539 1416 2604 de-

341 2657 469 2744 beatur,
491 2659 561 2725 ideo
582 2661 644 2727 hoe
667 2660 798 2746 excepit,
820 2659 961 2724 nouerit
983 2659 1162 2725 exuendito
1175 2659 1268 2742 actio,
1291 2658 1326 2746 si
1340 2657 1415 2722 nul·

340 2776 404 2840 lam
425 2777 608 2843 seruitutem
629 2776 820 2865 promisit“.·
1228 2780 1274 2790 ”’

423 2895 483 2959 Ηίθ
512 2895 598 2982 prior
622 2915 714 2960 casus
748 2899 812 2960 est:
850 2893 883 2959 in
913 2894 1049 2960 emtione
1078 2891 1261 2960 uenditionc
1289 2893 1415 2958 aedium

342 3012 557 3078 contrahenda
583 3013 690 3078 statim
717 3013 864 3078 uenditor
892 3013 1029 3078 dixerat:
1057 3011 1152 3108 aedes
1180 3031 1291 3076 seruas
1318 3009 1415 3095 iore,
1512 3015 1513 3058 ἶ

341 3130 429 3194 nulla
450 3131 665 3214 accuratione,
687 3134 722 3196 ut
734 3129 869 3216 uidetur,
891 3130 1068 3222 seruitutis,
1092 3149 1186 3214 quam
1200 3129 1417 3224 ¹impositurus

343 3242 603 3334 aedibus⁰esset,
633 3247 843 3335 descriptione
872 3245 1003 3312 adieeta'.
1047 3241 1273 3340 Consequitur,
1301 3250 1336 3310 ut
1362 3247 1416 3311 uel

255 3408 257 3421 .
343 3363 403 3430 sibi
430 3366 492 3452 ipsi
521 3365 706 3432 seruitutem
737 3367 771 3432 in
802 3363 963 3430 tradendis
986 3353 1282 3456 nedibus'excipe're
1303 3361 1416 3449 possit,

343 3473 395 3548 uel
417 3468 496 3550 ⁴ante
523 3483 725 3550 traditionem
746 3471 860 3549 iactam
880 3481 937 3565 Ν)
969 3481 1024 3548 alii
1045 3482 1177 3548 eandem
1207 3471 1319 3546 cedere
1347 3499 1416 3546 ser-

340 3644 663 3670 -—--—r-—-

374 3782 513 3852 19⁵),uue
530 3787 719 3839 Henomunnn:
738 3787 768 3860 et
786 3786 836 3848 ur,
854 3784 946 3839 omissa
965 3777 1000 3830 ei.

331 3919 350 3949 ,θ
378 3890 587 3957 9ῖ),,Ρθθρθηηι
603 3893 637 3942 ad
660 3874 739 3943 uerba
765 3894 841 3956 „ara
859 3885 1039 3938 ῖηιθῖῖὶθιιθιιιῖί
1065 3892 1135 3962 notat
1153 3861 1324 3938 Scuvnruus:
1351 3899 1417 3953 „per

448 3999 536 4062 1058
563 3998 588 4048 ic
606 3999 651 4052 t.“.
686 3996 722 4050 Eo
745 3997 816 4048 enlm
833 3996 895 4062 rra,
922 4001 951 4044 ut
975 3994 1179 4073 explicsutmus„
1205 3997 1362 4066 quaeritur,
1382 4006 1417 4042 an

337 4132 347 4170 5
394 4145 397 4153 ,
448 4107 512 4166 dnae
529 4107 606 4160 redes
624 4106 712 4155 eodem
730 4107 856 4163 momento
874 4103 997 4158 tradendo
1015 4100 1151 4150 alteras
1176 4102 1308 4150 alteris
1327 4113 1431 4152 seruus

425 4216 507 4278 ,pare
533 4211 638 4263 edicere
665 4201 764 4274 ppsstti
801 4208 823 4256 Α
849 4219 898 4269 quo
924 4206 999 4268 plarm
1017 4208 1135 4285 diuersus
1159 4209 1235 4275 butus
1263 4210 1312 4269 loct
1330 4221 1416 4258 casus.

449 4317 581 4368 Pertinere
599 4319 660 4366 huc
679 4318 781 4365 uidetur
799 4313 843 4363 illu
861 4315 957 4374 enutio,
976 4325 1025 4375 qua
1043 4315 1083 4363 usi
1102 4322 1162 4386 sunt
1178 4315 1292 4385 Romanii,
1310 4329 1326 4364 a
1344 4313 1416 4364 Pao-

450 4437 521 4476 cvno
542 4424 595 4488 (Fr.
616 4423 666 4474 12⁶
691 4423 724 4470 de
743 4421 770 4470 V.
789 4417 828 4486 S.)
849 4421 962 4478 traditas
990 4418 1057 4491 „ius
1075 4433 1164 4499 rpupr
1190 4433 1325 4504 nurnnpvs
1343 4433 1417 4493 ppo.
