3092 5258
545 527 778 601 ero-.-

9 751 15 758 ·
113 719 229 798 torem,
263 717 320 802 qui
345 716 402 784 sub
417 715 498 802 ¹lege
522 714 690 782 seruitutis
717 713 926 803 imponendae
955 692 1088 795 emerat,
1123 729 1189 776 non

112 835 180 921 pati
202 833 314 900 debere
336 833 521 900 semitutem
539 833 734 913 diceremus,
756 829 827 897 ideo
850 830 935 916 quod
955 830 1101 896 uenditor
1121 848 1187 894 uon

112 955 200 1016 recta
216 951 328 1018 norma
355 950 548 1018 concedendi
568 950 653 1017 Titio
683 936 867 1015 seruitutem
888 965 966 1013 usus
988 949 1045 1012 est.
1088 945 1187 1030 Adde,

86 1157 90 1164 ⁸
113 1068 200 1153 quod
220 1067 304 1134 inter
324 1069 546 1135 contrahentes
567 1068 703 1176 fortaspe
725 1071 853 1172 propter
873 1066 921 1150 id,
945 1064 1030 1151 quod
1050 1061 1188 1132 seruitu-
1253 1091 1256 1112 ·

114 1189 182 1250 tem·
201 1196 235 1250 se
253 1185 477 1272 impositurum
499 1185 629 1270 dixerat,
638 1186 690 1278 „de
711 1184 885 1252 uition‘rei
905 1182 1005 1270 pretio
1029 1199 1188 1247 conuene-

113 1307 181 1387 rat,
215 1318 309 1388 quam
331 1307 559 1368 conuenturum
580 1303 707 1385 inisset,
740 1303 768 1367 si
789 1303 908 1367 nullam
929 1299 1075 1366 uenditor
1096 1319 1189 1364 exce-

114 1421 215 1506 pisset
236 1421 428 1486 seruitutem.
471 1419 548 1484 Inde
570 1419 732 1506 uenditor,
761 1420 789 1485 si
810 1420 925 1485 cinon
947 1418 1189 1501 succurreretur,

115 1535 230 1624 triplici
252 1556 347 1624 saepe
369 1537 483 1602 damno
514 1520 704 1603 afficeretur:
725 1538 876 1624 primum,
907 1536 992 1622 quod
1020 1534 1115 1600 uilius
1143 1532 1189 1597 rei

115 1656 268 1720 uenditae·
285 1655 420 1741 pretium
443 1655 578 1741 accepit,
617 1655 766 1736 alterum,
794 1655 878 1740 quod
899 1653 1002 1718 Titius
1023 1653 1071 1734 id,
1105 1649 1190 1737 quod
1292 1638 1296 1648 ’

116 1766 176 1838 sua
197 1773 328 1838 interest
348 1773 534 1865 seruitutem
556 1773 683 1855 habere,
706 1773 793 1872 petit,
815 1771 958 1856 tertium,
981 1770 1065 1856 quod
1086 1790 1190 1855 poene

114 1891 246 1977 insuper
277 1891 387 1958 forsan
414 1891 568 1958 soluenda
596 1895 653 1956 est.
696 1889 785 1972 Quae
820 1890 925 1955 omnia
957 1889 985 1953 si
1007 1881 1202 1978 considera-'¹

116 2020 197 2094 mus,
219 2009 359 2095 proiecto
373 2015 445 2074 'uon
466 1991 594 2093 mirum,
612 2008 696 2094 quod
718 2007 762 2074 ait
782 2007 985 2090 Mancrmvs,
1009 2005 1070 2071 sibi
1091 2005 1200 2070 satius*

118 2145 189 2191 esse
226 2127 343 2214 uideri,
382 2127 523 2193 succurri
553 2125 720 2192 uenditori.
768 2125 869 2212 quue
897 2145 963 2190 uon
990 2123 1198 2188 Mrnornnvrr'
1262 2120 1266 2128 '

118 2246 247 2330 solum,
270 2245 326 2310 scri
357 2243 466 2311 omnes
494 2245 559 2310 iere
579 2244 843 2310 romnomanos
878 2242 1053 2326 iudicasse,
1083 2241 1191 2306 multis
1258 2305 1290 2321 1,

118 2348 314 2428 documentis
328 2363 468 2449 probari
498 2369 610 2448 potest.
652 2362 822 2428 Enimuero
846 2361 900 2446 qui
928 2360 1084 2446 putarint,
1115 2379 1192 2424 con-

117 2481 233 2548 trariae
269 2481 443 2546 sententiae
482 2472 702 2546 documentum
735 2479 839 2546 afferri
871 2499 966 2566 posse
997 2479 1050 2544 Fr.
1077 2477 1116 2542 81
1153 2477 1190 2542 dc

117 2603 217 2665 contr.
240 2603 322 2686 emt,
344 2599 425 2665 falso
446 2602 572 2686 putant:
595 2599 680 2685 quon
700 2601 821 2663 tautum
844 2598 949 2682 abest,
970 2599 1006 2661 ut
1027 2573 1088 2680 eir,
1111 2615 1191 2680 quae

117 2717 301 2802 statuimus,
317 2709 501 2801 refragetur,
520 2723 559 2783 ut
580 2717 800 2792 confirmandis
821 2715 934 2781 iisdem
954 2715 1103 2782 idoneum
1121 2733 1192 2780 esse

118 2833 273 2900 uincetur.
337 2845 345 2874 ··
665 2835 667 2842 ’

164 2973 167 2978 ·
204 2951 462 3019 Somoerrior.
484 2952 572 3019 VH0.
594 2951 807 3037 Digestorum.
857 2983 860 2988 ·

149 3088 154 3100 ’
205 3093 221 3164 ς
242 3087 285 3151 1:
312 3083 466 3153 Lucius
486 3084 619 3154 Titius
640 3087 785 3172 promisit
806 3087 844 3152 de
865 3085 963 3152 fundo
986 3105 1043 3150 suo
1066 3088 1191 3151 centum

120 3201 208 3270 milia
235 3203 414 3270 modiorum
441 3203 590 3271 frumeuti
617 3224 723 3270 annua
751 3202 911 3292 prae'stare
940 3201 1076 3294 praediis
1107 3199 1194 3268 Caii

122 3319 224 3406 Seii3
256 3310 367 3409 postea
395 3323 542 3390 Lucius
569 3323 703 3390 Titius
735 3321 877 3390 uendidit
911 3320 1043 3388 fundum
1079 3319 1193 3386 additis

120 3435 172 3506 nis
208 3429 335 3506 uerbis?
373 3439 442 3522 Qvo
475 3434 558 3508 ‘mne
593 3463 717 3519 pruove
756 3448 948 3507 counrrrorur
982 3459 1021 3504 ur
1056 3429 1193 3502 nuruum

117 3551 314 3624 Lrou‘i'rru
343 3555 444 3624 'recum'
474 3531 652 3642 smmum
669 3547 814 3626 ‘urrunnu
836 3579 948 3634 rmore
969 3573 1190 3638 urenevnrvn3

5 3759 11 3766 .
121 3685 238 3762 quaero
269 3667 309 3741 arr
337 3679 436 3742 emtor
457 3677 534 3742 ‘Caio
557 3677 631 3744 Seio
655 3677 695 3742 acl
716 3675 962 3764 praestationem
983 3675 1131 3740 frumenti
1153 3673 1195 3738 sit

124 3792 306 3860 obnoxius?
333 3793 526 3881 Respondit:
550 3800 700 3861 emtorem
723 3795 815 3860 Caio
839 3793 929 3860 Seio
953 3792 1123 3860 secuudum
1146 3811 1194 3874 ea,
1225 3853 1235 3859 ,

122 3910 204 4008 burae
226 3918 483 3999 proponerentur,
507 3914 678 4000 obligatum
699 3935 763 3979 non
786 3892 870 3980 esse.¹

146 4044 148 4050 ’
205 4034 303 4116 Vires
326 4045 561 4114 similitudinem
583 4047 677 4126 huius
701 4069 793 4121 casus
822 4046 943 4112 eteius
966 4041 1058 4132 quem
1079 4047 1197 4111 tracta-

123 4161 243 4251 u'imus3
275 4165 331 4232 sed
352 4164 439 4232 idem*
458 4162 548 4232 uides
571 4167 738 4233 discrimen
759 4168 895 4232 immane
918 4169 1069 4249 quantum
1091 4149 1196 4248 graue.

126 4284 391 4353 Similitudoinde
410 4287 571 4372 repetitur,
593 4285 677 4372 quod
697 4289 831 4369 utroque
854 4305 930 4349 casu
950 4281 1096 4348 uenditor
1117 4281 1198 4347 obli·
1305 4371 1307 4376 Ι
1415 4323 1419 4332 1

126 4407 218 4504 gatus
241 4407 291 4467 est
312 4404 403 4468 tertio
418 4403 549 4469 'cuidam
573 4402 857 4501 adpraestandum
874 4400 993 4487 aliquid
1017 4400 1055 4464 de
1084 4399 1197 4465 tundo:

127 4519 273 4606 quodque
295 4525 426 4606 uterque
448 4522 482 4587 in
503 4520 734 4609 mancipatione
751 4509 896 4586 iacienda
909 4506 1096 4603 cautionem,
1118 4538 1199 4602 quae
