3092 5258
794 465 998 549 -u-

341 665 344 670 ’
366 661 502 732 inuicem
524 664 811 750 communicantur,
840 685 905 730 non
925 663 1016 761 fundi
1036 671 1093 750 p'er
1115 665 1149 729 ed
1172 653 1314 730 cxt'antcs
1332 662 1447 729 atatim

369 783 465 850 effici:
489 784 544 848 sed
558 783 726 868 utrumque
749 783 926 869 praedium,
947 766 1022 846 licet
1042 801 1099 868 pro
1113 780 1216 846 diuiso
1238 798 1312 867 pars
1335 780 1448 866 quoad

368 897 544 968 dominium
566 901 691 966 eiusab
713 923 749 966 co
772 901 884 966 auulsa
905 901 962 984 sit,
986 903 1091 965 tamen
1113 903 1313 987 campartem
1336 899 1447 984 quoad
1507 924 1511 936 ·

368 1020 560 1085 intellectum
584 1016 684 1106 ipsius
716 1019 836 1104 praedii
863 1017 1042 1084 etiamnunc
1071 1019 1231 1083 continere
1253 1019 1444 1102 cogitantur.

367 1135 445 1203 Inde
479 1137 526 1205 ab,
548 1139 647 1202 altera
674 1142 762 1224 parte
799 1136 975 1202 communio
1010 1135 1092 1200 inter
1122 1135 1265 1202 dominos
1286 1135 1444 1202 existere·
1535 1111 1536 1150 ³

369 1275 425 1342 pro
462 1254 564 1321 diuiso
588 1292 625 1304 -
654 1253 856 1344 proponitur:
886 1255 924 1321 ab
948 1255 1047 1320 altera
1072 1255 1141 1342 ipsa
1162 1255 1307 1341 praedia,
1337 1253 1448 1340 mietio

348 1353 444 1440 laute
466 1373 962 1458 fueram„retinerescruitutcs.
1141 1373 1144 1378 “
1264 1378 1266 1386 ’

409 1511 412 1520 ’
453 1491 543 1557 Alius
564 1493 658 1578 plane
681 1512 775 1558 casus
796 1493 862 1558 Fr⁰
883 1489 924 1558 27
945 1491 1014 1557 eod.
1037 1490 1326 1577 comprehenditur:

452 1605 603 1676 lucianus
625 1611 705 1677 libro
728 1610 812 1678 VH⁰
831 1609 1051 1694 Digestorum:
1312 1613 1316 1620 '

371 1727 606 1815 „Sicommuni
626 1728 724 1795 fundo
746 1749 816 1794 mec
846 1732 877 1793 ct
898 1731 952 1794 tuo
982 1727 1101 1793 seruiat
1120 1725 1237 1794 fundus
1260 1725 1448 1814 Semproni-

258 1927 261 1936 ,
372 1868 451 1913 anus
482 1851 513 1912 et
541 1847 674 1912 eundem
706 1847 740 1912 in
769 1867 932 1912 commune
960 1846 1200 1930 redemerimus,
1228 1845 1365 1926 seruitus
1388 1863 1447 1911 ex-

367 1959 541 2051 tinguitur,
565 1966 639 2051 qnia
659 1985 716 2049 par
737 1963 901 2048 utrtnsquc
924 1963 1042 2032 domini
1062 1963 1112 2028 ius
1134 1963 1167 2028 in
1188 1959 1322 2050 utroque
1342 1963 1443 2030 inndo

373 2105 443 2149 esse
464 2083 589 2172 incipit,
624 2083 668 2146 At
689 2083 717 2147 si
737 2081 864 2168 proprio
887 2103 957 2146 meo
980 2083 1011 2145 et
1037 2081 1163 2168 proprio
1186 2085 1242 2148 tuo
1270 2081 1352 2146 idem
1375 2100 1446 2146 ser-

365 2201 454 2288 ·uiat,
475 2201 615 2267 manebit
636 2197 783 2284 seruitus,
804 2200 878 2286 quia
898 2199 1024 2286 proprio
1046 2189 1143 2265 tundo
1165 2203 1222 2286 per
1244 2209 1443 2265 communem

369 2313 514 2386 'seruitus
536 2318 644 2384 deberi
664 2315 797 2404 potcst“.
894 2296 897 2300 ⁵
1344 2325 1347 2333 “

456 2437 538 2504 Nam
559 2437 620 2502 hcc
643 2457 718 2502 casu
740 2457 817 2522 „par
836 2429 1001 2522 utriusque
1013 2430 1133 2501 domini
1152 2435 1186 2500 in
1202 2413 1445 2522 utro'quesundo

366 2557 428 2624 ¹ius
457 2577 528 2622 esse
554 2551 697 2641 incipit‘,
730 2554 821 2618 aliter
848 2558 942 2640 atque
969 2554 1002 2618 in
1024 2554 1127 2640 specie
1147 2553 1222 2618 facti
1242 2553 1308 2619 Fr⁰
1327 2553 1367 2620 34
1394 2552 1445 2618 cit
1535 2579 1536 2642 3

363 2674 546 2762 'proposita
588 2671 762 2738 Redimunt
780 2671 863 2737 enim
885 2673 945 2757 „in
967 2669 1447 2738 communc“'iundumSem-
1535 2655 1536 2696 ³

375 2791 579 2878 pronianum,
613 2809 652 2856 ex
681 2807 743 2876 quo
776 2771 982 2878 perlucescit,
1002 2767 1070 2856 cos
1101 2794 1166 2855 nc'n
1200 2792 1305 2862 dolum
1322 2791 1445 2877 ipsum,

365 2902 469 2996 'quem
499 2909 592 2974 antea
617 2883 813 2972 communem
841 2907 1035 2984 habuerunt,
1061 2887 1202 2974 'fundum'
1224 2927 1281 2994 pro
1308 2907 1444 2972 indiuiso

236 2999 238 3016 Ι
296 3051 302 3060 ·
377 3028 517 3092 tenuisse
539 3030 631 3124 atque
650 3047 693 3128 ne
715 3023 820 3110 quoad
840 3021 960 3090 fructus
975 3023 1194 3113 percipiendos
1217 3025 1445 3112 quidcmdiui-

376 3165 462 3210 sum:
486 3141 816 3230 sed'Semprcnianum
839 3133 963 3229 ¹tuncque
977 3135 1152 3209 redemtum
1174 3165 1245 3210 cum
1265 3143 1332 3228 illc,
1354 3162 1445 3230 quem
1535 3149 1536 3174 ³

366 3263 437 3359 ¹iam
470 3261 557 3348 prius
587 3261 778 3345 habuerant,
811 3261 908 3326 [undo
940 3237 1131 3330 contundere
1165 3237 1266 3348 uelle,
1298 3267 1335 3328 ut
1362 3236 1470 3328 unns(

273 3402 275 3411 ⁴
366 3373 467 3466 'quasi
497 3377 612 3444 fundus
656 3379 817 3445 efficiatur.
872 3379 1027 3445 Videntur
1070 3385 1232 3469 praeterea
1278 3387 1445 3466 utrumque

375 3495 506 3566 fundum
529 3493 734 3562 communiter
763 3499 864 3562 colere
891 3487 1074 3584 fructusque
1104 3499 1310 3565 communiter
1345 3499 1445 3586 perci·
1535 3481 1536 3530 ³

375 3635 465 3706 pere:
488 3615 624 3680 fortasse
647 3615 687 3680 ad
709 3620 811 3681 certos
824 3617 977 3702 quosdam
992 3613 1086 3682 etiam
1106 3625 1171 3683 n'on
1185 3605 1345 3684 naturales⁴
1361 3615 1444 3682 imc-
1535 3591 1536 3606 ἵ

376 3736 428 3798 tus
458 3731 677 3820 percipiendos
712 3735 845 3819 utroque
877 3735 973 3801 fundo
1001 3739 1147 3802 utuntur:
1181 3757 1255 3802 uum
1283 3735 1344 3802 hoc
1372 3755 1445 3799 casu

378 3851 491 3922 durare
514 3849 682 3916 seruitutes
705 3851 815 3930 dices?
1472 3841 1477 3848 “

362 4021 365 4028 .
459 3967 518 4034 His
539 3968 696 4034 omnibus
724 3969 786 4034 nisi
806 3969 967 4057 fallimur,
990 3971 1055 4038 ur·
1086 3971 1150 4046 citt,
1172 3971 1289 4058 optimc
1309 3970 1391 4039 inter
1411 3991 1445 4034 se

364 4085 595 4157 ..conciliantrm
636 4085 803 4152 Diuersum
829 4089 923 4175 paulo
947 4089 1094 4154 sednon
1115 4073 1325 4173 inelegantem
1348 4092 1445 4154 tentet

364 4203 547 4269 eorundem
577 4203 828 4270 conciliationem
856 4205 962 4270 Huno‘
977 4208 1143 4272 Dounnnve
1166 4205 1242 4292 ⁸³t,
1269 4206 1305 4271 ir.
1327 4205 1367 4272 27
1396 4205 1443 4271 cit.
1535 4247 1536 4302 ,

414 4456 464 4522 9³)
484 4455 623 4508 Commeat.
650 4460 699 4510 ran.
718 4460 766 4509 nu.
785 4423 869 4507 nuru
888 4457 1017 4540 manvu
1036 4425 1147 4519 psum:
1160 4437 1198 4510 ct.
1210 4423 1444 4512 'duodennem
