3092 5258
624 555 630 570 .
755 441 961 519 *ὣς

319 635 515 719 noeaoeane,
548 637 584 702 ut
613 635 799 700 semitutum
832 635 937 718 partes
969 644 1010 698 no
1041 631 1121 716 fingi
1140 630 1266 718 quidem
1280 631 1393 696 'animo

319 753 457 840 possint:
496 765 533 818 ao
553 751 626 816 inde
648 751 728 816 ratio
750 749 937 836 perspicitur
958 749 1099 831 iliarum,
1116 768 1203 833 »quae
1223 747 1394 834 perhiben-
1505 767 1506 812 3

319 874 394 952 urs
414 871 611 954 regularum,
630 851 768 954 prioris:
808 887 884 953 „pro
915 869 1005 952 parte
1032 887 1091 930 neo
1112 865 1233 950 anquiri
1253 887 1313 935 neo
1334 865 1394 932 im-
1505 929 1506 938 ,

321 987 397 1074 pom'
419 987 587 1052 seruitutes
608 1006 703 1072 posse
719 984 813 1065 81);“
837 984 970 1048 alterae:
1013 1003 1090 1067 „pro
1112 985 1201 1069 parto
1223 983 1394 1050 seruitutos

317 1103 446 1168 retineri
462 1100 549 1182 ⁸²).“
591 1103 635 1168 Iis
659 1123 755 1188 quum
777 1101 816 1166 ad
838 1101 1089 1186 interpretandos
1111 1101 1219 1186 piures
1241 1121 1394 1188 paragra·-

317 1221 397 1308 phos
419 1221 520 1286 nostri
541 1219 709 1304 fragmenti
728 1219 925 1284 innitendum
953 1217 1010 1282 sit:
1048 1217 1136 1302 prius
1158 1217 1270 1284 harum
1297 1219 1394 1284 umba

315 1358 545 1425 proponamus,
583 1338 695 1403 deinde
726 1337 799 1402 illae
831 1336 958 1420 regulae
980 1335 1042 1400 huo
1064 1335 1211 1401 cadentes
1235 1335 1393 1421 quomodo

320 1456 531 1522 moderandae
554 1455 634 1539 sint,
657 1452 865 1520 edocebimus.
1505 1435 1506 1438 ¹

401 1575 430 1652 ξ.
452 1573 481 1636 1.
525 1571 581 1654 „si
601 1572 671 1656 quis
688 1574 808 1657 partem
824 1569 948 1636 aedium
962 1569 1064 1634 tradet
1080 1570 1132 1634 uel
1152 1572 1274 1654 partem
1294 1569 1395 1653 fundi,

317 1711 382 1756 non
403 1693 509 1776 potest
529 1689 714 1758 seruitutem
735 1689 912 1774 imponere,
949 1688 1023 1772 quia
1048 1708 1104 1775 per
1125 1690 1231 1776 partes
1252 1686 1395 1762 seruitus

318 1793 438 1895 imponi
470 1827 534 1872 non
562 1804 744 1891 potest-sed
766 1826 824 1870 neo
846 1805 975 1889 acquiri.
1018 1806 1120 1872 Plane
1141 1806 1170 1872 si
1192 1805 1300 1872 diuisit
1317 1805 1396 1873 suu·

322 1923 599 2008 dumnegionibus
622 1927 653 1988 ot
674 1923 720 1988 sio
740 1925 860 2008 partem
889 1922 1108 2010 tradidit-,pro
1136 1923 1256 2004 diuiso,
1289 1927 1396 2012 potest

321 2042 463 2109 uerunt
485 2015 670 2106 seruitutem
692 2039 880 2125 imponeret
907 2041 981 2124 quia
1014 2061 1078 2106 nou
1113 2043 1161 2106 est
1194 2061 1267 2126 pars
1294 2040 1396 2122 fundi,

319 2161 375 2226 sed
395 2159 521 2226 fundus.
563 2155 657 2237 Quod
680 2157 766 2222 etin
794 2157 923 2224 aedibus
951 2161 1057 2244 potest
1084 2157 1160 2242 diei,
1189 2158 1217 2224 si
1244 2152 1394 2226 dominus

317 2277 436 2364 pariete
452 2275 555 2341 medio
579 2269 741 2340 aedificato
764 2285 859 2340 unam
882 2275 1009 2340 domum
1027 2275 1064 2340 in
1084 2275 1163 2342 duas
1181 2275 1337 2360 diuiserit,
1359 2280 1397 2344 ut

268 2404 278 2441 -‘
317 2393 459 2481 plerique
489 2391 625 2460 faoiunt:
661 2411 734 2456 nam
768 2395 798 2456 et
829 2392 880 2456 hio
903 2413 960 2479 pro
983 2391 1104 2458 duabus
1128 2391 1396 2480 domibueaeoipi

242 2507 244 2514 ⁴
319 2511 419 2578 dehet.
462 2514 490 2590 ᾗ.
513 2508 541 2576 2.
585 2509 664 2576 Item
687 2509 790 2574 siduo
810 2507 955 2576 nomines
976 2510 1066 2578 binas
1089 2509 1391 2580 aedes-oommuues

317 2628 488 2694 habeamus
498 2627 592 2692 simut
605 2626 755 2692 tradendo
765 2625 984 2694 idemeffieere
995 2644 1165 2712 possmus
1175 2647 1217 2695 aa
1226 2627 1256 2694 si
1265 2649 1323 2713 ego
1337 2649 1393 2694 so-

314 2744 517 2830 luspr'oprias
530 2743 621 2810 binas
634 2743 728 2808 aedes
744 2743 901 2810 haberem.
944 2742 1083 2828 Sedptsi
1099 2745 1268 2830 separaum
1291 2745 1390 2812 uadi-

316 2859 462 2944 derimne
487 2861 570 2926 idem
585 2861 648 2940 fiet,
671 2860 716 2924 sio
738 2864 852 2944 tamen,
874 2865 909 2926 ut
930 2861 1104 2934 nouissima
1125 2861 1252 2935 traditio
1276 2862 1391 2931 efficiat

316 2978 410 3044 etiam
441 2978 681 3062 praecedentem
715 2977 881 3062 effipaoem.
930 2980 959 3056 ξ.
989 2977 1017 3049 3.
1060 2977 1097 3046 Si
1130 2983 1236 3072 tamen
1266 2981 1389 3058 alterae

315 3095 576 3182 uniuspropriae
598 3096 661 3160 sint
682 3095 776 3163 aedes
799 3096 916 3166 alterae
939 3117 1120 3164 communes
1141 3098 1263 3165 neutris
1285 3098 1390 3164 serui-

316 3217 415 3278 tutem
436 3213 489 3277 uel
510 3213 670 3297 acquirere
692 3213 744 3276 uel
764 3213 925 3298 imponere
948 3233 996 3278 me
1013 3229 1107 3298 posse
1123 3211 1178 3292 ⁸³)
1199 3215 1388 3291 Pourorurs

314 3330 394 3403 libro
416 3329 510 3405 viru
536 3349 576 3396 ex
597 3330 717 3397 Susino
740 3325 876 3396 soribit“
919 3372 921 3381 ,

378 3447 436 3524 ut
468 3447 602 3534 primum
632 3447 756 3530 quidem
786 3445 870 3530 quod
897 3465 953 3532 pro
981 3451 1070 3532 parte
1099 3469 1157 3512 neo
1187 3447 1307 3536 imponi
1327 3470 1390 3526 nee

315 3564 434 3649 acquiri
468 3565 604 3629 seruitus
639 3567 743 3649 potest
758 3583 811 3628 ex
841 3563 928 3627 hisee
956 3562 1041 3629 eifi’oi‘
1055 3565 1191 3630 uidetur.
1236 3565 1272 3632 st
1299 3567 1386 3636 solus

314 3680 343 3746 ei
373 3681 519 3768 praedio,
558 3681 644 3765 quod
673 3701 837 3746 commune
869 3702 939 3747 eum
976 3661 1244 3768 altero.quodam
1261 3683 1386 3768 habeo,

314 3799 497 3878 seruitutem
530 3797 690 3882 acquirere
722 3799 832 3862 uelim:
875 3820 940 3867 uon
975 3801 1046 3884 plus
1073 3799 1156 3872 mihi
1177 3801 1394 3893 ,oonoederesp

315 3936 408 4000 quam
428 3919 463 3980 ut
485 3914 514 3978 ei
533 3914 616 4000 perti
636 3935 692 4000 pro
714 3915 867 3998 indiuiso‚
895 3936 989 4001 quarn
1010 3915 1078 4002 ipse
1095 3895 1219 4003 habeo,
1248 3919 1413 3984 seruitus

347 4229 397 4292 er)
417 4231 456 4279 n.
476 4233 506 4279 11
536 4231 567 4278 ue
590 4233 689 4279 seruo.
707 4231 746 4280 n.
767 4227 984 4280 aaronem
1004 4229 1044 4280 rr.
1062 4231 1079 4283 a
1095 4229 1136 4281 rr.
1157 4231 1173 4278 r
1192 4232 1224 4282 uo
1242 4203 1309 4286 sem.
1331 4233 1384 4296 ng.

336 4337 396 4412 ¹82)
417 4337 456 4399 n,
475 4337 508 4386 ra
526 4337 564 4391 rr.
586 4338 635 4391 rao
655 4333 670 4404 s
689 4337 756 4394 aus
774 4335 801 4386 v,
824 4333 850 4384 o.
867 4330 905 4387 rr.
925 4337 960 4387 eo
979 4332 1030 4402 st
1051 4338 1084 4389 ue
1101 4339 1123 4393 s,
1143 4335 1218 4401 1³‚,v.

347 4442 396 4506 8³)
415 4443 606 4508 Hsnonneuns
620 4456 671 4493 oon
691 4456 774 4504 posse.
811 4443 862 4490 seo
877 4455 928 4495 nou
945 4444 1119 4512 recedentium
1136 4457 1152 4498 a
1169 4445 1341 4516 timeon*
1383 4515 1386 4521 ι
