<?xml version="1.0" encoding="UTF-8"?>
<!DOCTYPE html PUBLIC "-//W3C//DTD XHTML 1.0 Transitional//EN"
    "http://www.w3.org/TR/xhtml1/DTD/xhtml1-transitional.dtd">
<html xmlns="http://www.w3.org/1999/xhtml" xml:lang="en" lang="en">
 <head>
  <title>
</title>
<meta http-equiv="Content-Type" content="text/html;charset=utf-8" />
  <meta name='ocr-system' content='tesseract 3.04.00' />
  <meta name='ocr-capabilities' content='ocr_page ocr_carea ocr_par ocr_line ocrx_word'/>
</head>
<body>
  <div class='ocr_page' id='page_1' title='image "./infrvicommvniap00muthgoog/infrvicommvniap00muthgoog_0068.png"; bbox 0 0 3092 5258; ppageno 0'>
   <div class='ocr_carea' id='block_1_1' title="bbox 115 713 1276 826">
    <p class='ocr_par' dir='ltr' id='par_1_1' title="bbox 115 713 1276 826">
     <span class='ocr_line' id='line_1_1' title="bbox 115 713 1276 826; baseline -0.001 -37"><span class='ocrx_word' id='word_1_1' title='bbox 115 813 124 826; x_wconf 34' lang='grc' dir='ltr'><em>Ι</em></span> <span class='ocrx_word' id='word_1_2' title='bbox 198 721 408 808; x_wconf 75' lang='lat' dir='ltr'>quud-altori</span> <span class='ocrx_word' id='word_1_3' title='bbox 435 721 590 790; x_wconf 74' lang='lat' dir='ltr'>concessi</span> <span class='ocrx_word' id='word_1_4' title='bbox 612 741 678 787; x_wconf 90' lang='lat' dir='ltr'>non</span> <span class='ocrx_word' id='word_1_5' title='bbox 704 722 818 807; x_wconf 86' lang='lat' dir='ltr'>potest.</span> <span class='ocrx_word' id='word_1_6' title='bbox 861 715 1040 800; x_wconf 68' lang='lat' dir='ltr'>Quorum</span> <span class='ocrx_word' id='word_1_7' title='bbox 1064 713 1276 804; x_wconf 65' lang='lat' dir='ltr'>&#39;in-duantum</span> 
     </span>
    </p>
   </div>
   <div class='ocr_carea' id='block_1_2' title="bbox 201 833 1384 926">
    <p class='ocr_par' dir='ltr' id='par_1_2' title="bbox 201 833 1384 926">
     <span class='ocr_line' id='line_1_2' title="bbox 201 833 1384 926; baseline -0.003 -20"><span class='ocrx_word' id='word_1_8' title='bbox 201 839 388 926; x_wconf 79' lang='lat' dir='ltr'>particulam</span> <span class='ocrx_word' id='word_1_9' title='bbox 417 839 575 924; x_wconf 89' lang='lat' dir='ltr'>quandam</span> <span class='ocrx_word' id='word_1_10' title='bbox 597 838 728 905; x_wconf 91' lang='lat' dir='ltr'>dominii</span> <span class='ocrx_word' id='word_1_11' title='bbox 749 835 975 905; x_wconf 78' lang='lat' dir='ltr'>consistentem</span> <span class='ocrx_word' id='word_1_12' title='bbox 994 834 1028 902; x_wconf 84' lang='lat' dir='ltr'>in</span> <span class='ocrx_word' id='word_1_13' title='bbox 1048 833 1117 904; x_wconf 78' lang='lat' dir='ltr'>iure</span> <span class='ocrx_word' id='word_1_14' title='bbox 1139 833 1277 904; x_wconf 71' lang='lat' dir='ltr'>faciendi</span> <span class='ocrx_word' id='word_1_15' title='bbox 1378 915 1384 922; x_wconf 24' lang='grc' dir='ltr'><strong><em>ι</em></strong></span> 
     </span>
    </p>
   </div>
   <div class='ocr_carea' id='block_1_3' title="bbox 113 951 1367 2689">
    <p class='ocr_par' dir='ltr' id='par_1_3' title="bbox 113 951 1367 2689">
     <span class='ocr_line' id='line_1_3' title="bbox 199 951 1348 1054; baseline -0.006 -30"><span class='ocrx_word' id='word_1_16' title='bbox 199 957 322 1044; x_wconf 81' lang='lat' dir='ltr'>aliquid</span> <span class='ocrx_word' id='word_1_17' title='bbox 342 955 434 1024; x_wconf 85' lang='lat' dir='ltr'>alteri</span> <span class='ocrx_word' id='word_1_18' title='bbox 454 955 614 1022; x_wconf 83' lang='lat' dir='ltr'>concessi:</span> <span class='ocrx_word' id='word_1_19' title='bbox 648 956 680 1054; x_wconf 83' lang='lat' dir='ltr'>iu</span> <span class='ocrx_word' id='word_1_20' title='bbox 702 957 824 1021; x_wconf 85' lang='lat' dir='ltr'>tantum</span> <span class='ocrx_word' id='word_1_21' title='bbox 849 954 960 1020; x_wconf 88' lang='lat' dir='ltr'>uidcor</span> <span class='ocrx_word' id='word_1_22' title='bbox 980 955 1049 1040; x_wconf 89' lang='lat' dir='ltr'>ipse</span> <span class='ocrx_word' id='word_1_23' title='bbox 1069 951 1105 1022; x_wconf 90' lang='lat' dir='ltr'>id</span> <span class='ocrx_word' id='word_1_24' title='bbox 1125 951 1278 1020; x_wconf 79' lang='lat' dir='ltr'>imani-</span> <span class='ocrx_word' id='word_1_25' title='bbox 1344 1034 1348 1042; x_wconf 66' lang='lat'><em>„</em></span> 
     </span>
     <span class='ocr_line' id='line_1_4' title="bbox 201 1057 1275 1162; baseline -0.003 -23"><span class='ocrx_word' id='word_1_26' title='bbox 201 1075 292 1141; x_wconf 87' lang='lat' dir='ltr'>sisse.</span> <span class='ocrx_word' id='word_1_27' title='bbox 334 1057 497 1140; x_wconf 85' lang='lat' dir='ltr'>Particula</span> <span class='ocrx_word' id='word_1_28' title='bbox 529 1077 613 1140; x_wconf 84' lang='lat' dir='ltr'>corte</span> <span class='ocrx_word' id='word_1_29' title='bbox 636 1072 850 1140; x_wconf 85' lang='lat' dir='ltr'>dominiimei</span> <span class='ocrx_word' id='word_1_30' title='bbox 871 1075 929 1155; x_wconf 84' lang='lat' dir='ltr'>cst,</span> <span class='ocrx_word' id='word_1_31' title='bbox 946 1071 1001 1138; x_wconf 86' lang='lat' dir='ltr'>ius</span> <span class='ocrx_word' id='word_1_32' title='bbox 1015 1069 1118 1138; x_wconf 86' lang='lat' dir='ltr'>eundi</span> <span class='ocrx_word' id='word_1_33' title='bbox 1143 1069 1275 1162; x_wconf 71' lang='lat' dir='ltr'>inagrc</span> 
     </span>
     <span class='ocr_line' id='line_1_5' title="bbox 198 1186 1274 1274; baseline -0.004 -16"><span class='ocrx_word' id='word_1_34' title='bbox 198 1212 280 1258; x_wconf 85' lang='lat' dir='ltr'>mcc.</span> <span class='ocrx_word' id='word_1_35' title='bbox 311 1192 469 1259; x_wconf 19' lang='lat' dir='ltr'>*concedo</span> <span class='ocrx_word' id='word_1_36' title='bbox 491 1192 549 1258; x_wconf 81' lang='lat' dir='ltr'>tibi</span> <span class='ocrx_word' id='word_1_37' title='bbox 570 1193 645 1258; x_wconf 84' lang='lat' dir='ltr'>iter:</span> <span class='ocrx_word' id='word_1_38' title='bbox 680 1193 755 1261; x_wconf 85' lang='lat' dir='ltr'>num</span> <span class='ocrx_word' id='word_1_39' title='bbox 777 1194 877 1256; x_wconf 83' lang='lat' dir='ltr'>totam</span> <span class='ocrx_word' id='word_1_40' title='bbox 899 1189 986 1256; x_wconf 86' lang='lat' dir='ltr'>illam</span> <span class='ocrx_word' id='word_1_41' title='bbox 1007 1186 1193 1274; x_wconf 73' lang='lat' dir='ltr'>particulam</span> <span class='ocrx_word' id='word_1_42' title='bbox 1216 1188 1274 1254; x_wconf 90' lang='lat' dir='ltr'>dc-</span> 
     </span>
     <span class='ocr_line' id='line_1_6' title="bbox 200 1309 1275 1396; baseline -0.003 -21"><span class='ocrx_word' id='word_1_43' title='bbox 200 1309 308 1394; x_wconf 79' lang='lat' dir='ltr'>ninii,</span> <span class='ocrx_word' id='word_1_44' title='bbox 336 1329 375 1374; x_wconf 82' lang='lat' dir='ltr'>err</span> <span class='ocrx_word' id='word_1_45' title='bbox 403 1329 466 1396; x_wconf 85' lang='lat' dir='ltr'>qua</span> <span class='ocrx_word' id='word_1_46' title='bbox 486 1310 532 1375; x_wconf 89' lang='lat' dir='ltr'>irc</span> <span class='ocrx_word' id='word_1_47' title='bbox 554 1331 647 1394; x_wconf 79' lang='lat' dir='ltr'>agere</span> <span class='ocrx_word' id='word_1_48' title='bbox 670 1309 821 1375; x_wconf 84' lang='lat' dir='ltr'>infundo</span> <span class='ocrx_word' id='word_1_49' title='bbox 843 1328 914 1376; x_wconf 89' lang='lat' dir='ltr'>mco</span> <span class='ocrx_word' id='word_1_50' title='bbox 936 1315 1082 1393; x_wconf 76' lang='lat' dir='ltr'>possum,</span> <span class='ocrx_word' id='word_1_51' title='bbox 1105 1311 1275 1393; x_wconf 67' lang='lat' dir='ltr'>‚separaum</span> 
     </span>
     <span class='ocr_line' id='line_1_7' title="bbox 178 1424 1275 1512; baseline -0.003 -18"><span class='ocrx_word' id='word_1_52' title='bbox 178 1427 273 1494; x_wconf 72' lang='lat' dir='ltr'>inde</span> <span class='ocrx_word' id='word_1_53' title='bbox 295 1427 414 1512; x_wconf 69' lang='lat' dir='ltr'>titique</span> <span class='ocrx_word' id='word_1_54' title='bbox 428 1428 636 1493; x_wconf 84' lang='lat' dir='ltr'>&#39;concessisse</span> <span class='ocrx_word' id='word_1_55' title='bbox 669 1428 804 1494; x_wconf 80' lang='lat' dir='ltr'>uidccr&#39;?</span> <span class='ocrx_word' id='word_1_56' title='bbox 849 1424 919 1508; x_wconf 85' lang='lat' dir='ltr'>Quo</span> <span class='ocrx_word' id='word_1_57' title='bbox 948 1424 1028 1492; x_wconf 83' lang='lat' dir='ltr'>nihil</span> <span class='ocrx_word' id='word_1_58' title='bbox 1054 1426 1162 1508; x_wconf 84' lang='lat' dir='ltr'>potest·</span> <span class='ocrx_word' id='word_1_59' title='bbox 1188 1425 1275 1510; x_wconf 56' lang='lat' dir='ltr'>cogi*</span> 
     </span>
     <span class='ocr_line' id='line_1_8' title="bbox 199 1543 1367 1632; baseline -0.002 -20"><span class='ocrx_word' id='word_1_60' title='bbox 199 1547 262 1612; x_wconf 79' lang='lat' dir='ltr'>tari</span> <span class='ocrx_word' id='word_1_61' title='bbox 301 1545 448 1632; x_wconf 81' lang='lat' dir='ltr'>ineptius.</span> <span class='ocrx_word' id='word_1_62' title='bbox 491 1544 574 1610; x_wconf 88' lang='lat' dir='ltr'>Nam</span> <span class='ocrx_word' id='word_1_63' title='bbox 602 1545 752 1610; x_wconf 71' lang='lat' dir='ltr'>‘concessi</span> <span class='ocrx_word' id='word_1_64' title='bbox 780 1543 837 1610; x_wconf 88' lang='lat' dir='ltr'>tibi</span> <span class='ocrx_word' id='word_1_65' title='bbox 864 1543 940 1626; x_wconf 83' lang='lat' dir='ltr'>iter,</span> <span class='ocrx_word' id='word_1_66' title='bbox 976 1543 1190 1626; x_wconf 78' lang='lat' dir='ltr'>inquantum</span> <span class='ocrx_word' id='word_1_67' title='bbox 1218 1543 1276 1612; x_wconf 85' lang='lat' dir='ltr'>tibi</span> <span class='ocrx_word' id='word_1_68' title='bbox 1362 1603 1367 1610; x_wconf 90' lang='lat'><em>.</em></span> 
     </span>
     <span class='ocr_line' id='line_1_9' title="bbox 198 1660 1282 1756; baseline -0.004 -26"><span class='ocrx_word' id='word_1_69' title='bbox 198 1667 331 1730; x_wconf 77' lang='lat' dir='ltr'>necesse</span> <span class='ocrx_word' id='word_1_70' title='bbox 347 1665 425 1728; x_wconf 83' lang='lat' dir='ltr'>cst:</span> <span class='ocrx_word' id='word_1_71' title='bbox 459 1661 493 1726; x_wconf 91' lang='lat' dir='ltr'>in</span> <span class='ocrx_word' id='word_1_72' title='bbox 519 1666 671 1748; x_wconf 91' lang='lat' dir='ltr'>quantum</span> <span class='ocrx_word' id='word_1_73' title='bbox 679 1661 792 1746; x_wconf 72' lang='lat' dir='ltr'>igitur</span> <span class='ocrx_word' id='word_1_74' title='bbox 819 1660 877 1726; x_wconf 85' lang='lat' dir='ltr'>tibi</span> <span class='ocrx_word' id='word_1_75' title='bbox 894 1681 971 1726; x_wconf 87' lang='lat' dir='ltr'>non</span> <span class='ocrx_word' id='word_1_76' title='bbox 996 1669 1128 1727; x_wconf 82' lang='lat' dir='ltr'>necesse</span> <span class='ocrx_word' id='word_1_77' title='bbox 1149 1664 1205 1727; x_wconf 87' lang='lat' dir='ltr'>cst</span> <span class='ocrx_word' id='word_1_78' title='bbox 1222 1661 1282 1756; x_wconf 72' lang='lat' dir='ltr'>ins¹</span> 
     </span>
     <span class='ocr_line' id='line_1_10' title="bbox 200 1778 1313 1866; baseline -0.002 -20"><span class='ocrx_word' id='word_1_79' title='bbox 200 1781 297 1848; x_wconf 83' lang='lat' dir='ltr'>cundi</span> <span class='ocrx_word' id='word_1_80' title='bbox 319 1779 441 1864; x_wconf 81' lang='lat' dir='ltr'>agendi·</span> <span class='ocrx_word' id='word_1_81' title='bbox 454 1780 587 1846; x_wconf 84' lang='lat' dir='ltr'>retineo.</span> <span class='ocrx_word' id='word_1_82' title='bbox 628 1779 683 1845; x_wconf 87' lang='lat' dir='ltr'>Nil</span> <span class='ocrx_word' id='word_1_83' title='bbox 711 1779 798 1844; x_wconf 84' lang='lat' dir='ltr'>aliud</span> <span class='ocrx_word' id='word_1_84' title='bbox 825 1779 921 1863; x_wconf 84' lang='lat' dir='ltr'>igitur</span> <span class='ocrx_word' id='word_1_85' title='bbox 942 1778 977 1844; x_wconf 86' lang='lat' dir='ltr'>in</span> <span class='ocrx_word' id='word_1_86' title='bbox 995 1797 1121 1845; x_wconf 85' lang='lat' dir='ltr'>summa</span> <span class='ocrx_word' id='word_1_87' title='bbox 1150 1779 1276 1866; x_wconf 75' lang='lat' dir='ltr'>depri-</span> <span class='ocrx_word' id='word_1_88' title='bbox 1308 1807 1313 1818; x_wconf 35' lang='lat' dir='ltr'>r</span> 
     </span>
     <span class='ocr_line' id='line_1_11' title="bbox 199 1895 1277 1984; baseline -0.002 -18"><span class='ocrx_word' id='word_1_89' title='bbox 199 1900 284 1966; x_wconf 86' lang='lat' dir='ltr'>atino</span> <span class='ocrx_word' id='word_1_90' title='bbox 305 1901 390 1964; x_wconf 89' lang='lat' dir='ltr'>statu</span> <span class='ocrx_word' id='word_1_91' title='bbox 403 1897 543 1964; x_wconf 79' lang='lat' dir='ltr'>domimi</span> <span class='ocrx_word' id='word_1_92' title='bbox 570 1901 740 1984; x_wconf 67' lang='lat' dir='ltr'>mumtum,</span> <span class='ocrx_word' id='word_1_93' title='bbox 760 1917 857 1982; x_wconf 86' lang='lat' dir='ltr'>quam</span> <span class='ocrx_word' id='word_1_94' title='bbox 879 1895 964 1982; x_wconf 87' lang='lat' dir='ltr'>qued</span> <span class='ocrx_word' id='word_1_95' title='bbox 985 1896 1026 1964; x_wconf 85' lang='lat' dir='ltr'>ad</span> <span class='ocrx_word' id='word_1_96' title='bbox 1041 1899 1161 1963; x_wconf 82' lang='lat' dir='ltr'>certum</span> <span class='ocrx_word' id='word_1_97' title='bbox 1181 1897 1277 1964; x_wconf 70' lang='lat' dir='ltr'>dnm</span> 
     </span>
     <span class='ocr_line' id='line_1_12' title="bbox 113 2013 1275 2098; baseline -0.003 -14"><span class='ocrx_word' id='word_1_98' title='bbox 113 2044 122 2060; x_wconf 69' lang='lat'>=</span> <span class='ocrx_word' id='word_1_99' title='bbox 201 2016 484 2084; x_wconf 76' lang='lat' dir='ltr'>determinnmm‘</span> <span class='ocrx_word' id='word_1_100' title='bbox 465 2037 525 2081; x_wconf 84' lang='lat' dir='ltr'>rus</span> <span class='ocrx_word' id='word_1_101' title='bbox 554 2015 648 2081; x_wconf 87' lang='lat' dir='ltr'>eundi</span> <span class='ocrx_word' id='word_1_102' title='bbox 675 2014 790 2098; x_wconf 78' lang='lat' dir='ltr'>agendi</span> <span class='ocrx_word' id='word_1_103' title='bbox 823 2035 866 2080; x_wconf 84' lang='grc' dir='ltr'>ιιι</span> <span class='ocrx_word' id='word_1_104' title='bbox 894 2035 965 2080; x_wconf 87' lang='lat' dir='ltr'>meo</span> <span class='ocrx_word' id='word_1_105' title='bbox 994 2013 1132 2082; x_wconf 88' lang='lat' dir='ltr'>dominic</span> <span class='ocrx_word' id='word_1_106' title='bbox 1166 2015 1275 2097; x_wconf 82' lang='lat' dir='ltr'>obest3</span> 
     </span>
     <span class='ocr_line' id='line_1_13' title="bbox 204 2131 1277 2223; baseline -0.007 -22"><span class='ocrx_word' id='word_1_107' title='bbox 204 2135 290 2223; x_wconf 88' lang='lat' dir='ltr'>quod</span> <span class='ocrx_word' id='word_1_108' title='bbox 311 2134 344 2200; x_wconf 92' lang='lat' dir='ltr'>id</span> <span class='ocrx_word' id='word_1_109' title='bbox 364 2134 451 2219; x_wconf 85' lang='lat' dir='ltr'>quod</span> <span class='ocrx_word' id='word_1_110' title='bbox 472 2133 563 2199; x_wconf 83' lang='lat' dir='ltr'>obest</span> <span class='ocrx_word' id='word_1_111' title='bbox 583 2133 709 2219; x_wconf 80' lang='lat' dir='ltr'>upudtc</span> <span class='ocrx_word' id='word_1_112' title='bbox 731 2135 793 2214; x_wconf 81' lang='lat' dir='ltr'>est3</span> <span class='ocrx_word' id='word_1_113' title='bbox 813 2132 898 2218; x_wconf 86' lang='lat' dir='ltr'>qu&#39;cd</span> <span class='ocrx_word' id='word_1_114' title='bbox 915 2136 961 2217; x_wconf 82' lang='lat' dir='ltr'>tu,</span> <span class='ocrx_word' id='word_1_115' title='bbox 982 2132 1010 2198; x_wconf 88' lang='lat' dir='ltr'>si</span> <span class='ocrx_word' id='word_1_116' title='bbox 1031 2132 1113 2198; x_wconf 82' lang='lat' dir='ltr'>iura</span> <span class='ocrx_word' id='word_1_117' title='bbox 1121 2131 1178 2198; x_wconf 88' lang='lat' dir='ltr'>tibi</span> <span class='ocrx_word' id='word_1_118' title='bbox 1198 2137 1277 2199; x_wconf 68' lang='lat' dir='ltr'>con-i</span> 
     </span>
     <span class='ocr_line' id='line_1_14' title="bbox 202 2249 1348 2340; baseline -0.002 -21"><span class='ocrx_word' id='word_1_119' title='bbox 202 2273 296 2319; x_wconf 88' lang='lat' dir='ltr'>cesso</span> <span class='ocrx_word' id='word_1_120' title='bbox 318 2251 434 2337; x_wconf 83' lang='lat' dir='ltr'>uteris,</span> <span class='ocrx_word' id='word_1_121' title='bbox 455 2254 542 2316; x_wconf 88' lang='lat' dir='ltr'>recte</span> <span class='ocrx_word' id='word_1_122' title='bbox 560 2250 674 2331; x_wconf 82' lang='lat' dir='ltr'>utoris3</span> <span class='ocrx_word' id='word_1_123' title='bbox 697 2250 833 2336; x_wconf 86' lang='lat' dir='ltr'>denique</span> <span class='ocrx_word' id='word_1_124' title='bbox 854 2249 940 2334; x_wconf 88' lang='lat' dir='ltr'>quod</span> <span class='ocrx_word' id='word_1_125' title='bbox 961 2269 1020 2334; x_wconf 84' lang='lat' dir='ltr'>ago</span> <span class='ocrx_word' id='word_1_126' title='bbox 1042 2249 1216 2316; x_wconf 83' lang='lat' dir='ltr'>dominus</span> <span class='ocrx_word' id='word_1_127' title='bbox 1205 2271 1284 2340; x_wconf 37' lang='lat' dir='ltr'>nnuc,</span> <span class='ocrx_word' id='word_1_128' title='bbox 1346 2264 1348 2276; x_wconf 82' lang='lat'>&#39;</span> 
     </span>
     <span class='ocr_line' id='line_1_15' title="bbox 196 2359 1274 2456; baseline -0.001 -20"><span class='ocrx_word' id='word_1_129' title='bbox 196 2375 251 2437; x_wconf 87' lang='lat' dir='ltr'>tuo</span> <span class='ocrx_word' id='word_1_130' title='bbox 279 2373 311 2435; x_wconf 97' lang='grc' dir='ltr'>ιι</span> <span class='ocrx_word' id='word_1_131' title='bbox 337 2372 483 2435; x_wconf 85' lang='lat' dir='ltr'>utentem</span> <span class='ocrx_word' id='word_1_132' title='bbox 499 2369 666 2456; x_wconf 86' lang='lat' dir='ltr'>prohibere</span> <span class='ocrx_word' id='word_1_133' title='bbox 694 2388 760 2433; x_wconf 92' lang='lat' dir='ltr'>non</span> <span class='ocrx_word' id='word_1_134' title='bbox 780 2370 901 2452; x_wconf 88' lang='lat' dir='ltr'>potero.</span> <span class='ocrx_word' id='word_1_135' title='bbox 943 2367 982 2432; x_wconf 91' lang='lat' dir='ltr'>ln</span> <span class='ocrx_word' id='word_1_136' title='bbox 1004 2359 1157 2451; x_wconf 84' lang='lat' dir='ltr'>qnantum</span> <span class='ocrx_word' id='word_1_137' title='bbox 1177 2367 1274 2452; x_wconf 79' lang='lat' dir='ltr'>igitdr</span> 
     </span>
     <span class='ocr_line' id='line_1_16' title="bbox 196 2465 1292 2571; baseline -0.003 -17"><span class='ocrx_word' id='word_1_138' title='bbox 196 2487 255 2554; x_wconf 70' lang='lat' dir='ltr'>tibi</span> <span class='ocrx_word' id='word_1_139' title='bbox 282 2505 413 2552; x_wconf 84' lang='lat' dir='ltr'>neccsse</span> <span class='ocrx_word' id='word_1_140' title='bbox 441 2487 518 2570; x_wconf 85' lang='lat' dir='ltr'>erit,</span> <span class='ocrx_word' id='word_1_141' title='bbox 550 2486 597 2550; x_wconf 92' lang='lat' dir='ltr'>ire</span> <span class='ocrx_word' id='word_1_142' title='bbox 629 2505 722 2570; x_wconf 80' lang='lat' dir='ltr'>ogere</span> <span class='ocrx_word' id='word_1_143' title='bbox 749 2503 806 2571; x_wconf 88' lang='lat' dir='ltr'>per</span> <span class='ocrx_word' id='word_1_144' title='bbox 832 2504 937 2551; x_wconf 90' lang='lat' dir='ltr'>meum</span> <span class='ocrx_word' id='word_1_145' title='bbox 963 2483 1111 2563; x_wconf 79' lang='lat' dir='ltr'>fundum,</span> <span class='ocrx_word' id='word_1_146' title='bbox 1146 2465 1292 2552; x_wconf 43' lang='lat' dir='ltr'>enrntem&#39;</span> 
     </span>
     <span class='ocr_line' id='line_1_17' title="bbox 197 2601 1273 2689; baseline -0.002 -19"><span class='ocrx_word' id='word_1_147' title='bbox 197 2607 343 2689; x_wconf 79' lang='lat' dir='ltr'>agentem</span> <span class='ocrx_word' id='word_1_148' title='bbox 367 2623 432 2686; x_wconf 85' lang='lat' dir='ltr'>ego</span> <span class='ocrx_word' id='word_1_149' title='bbox 465 2606 496 2667; x_wconf 91' lang='lat' dir='ltr'>tc</span> <span class='ocrx_word' id='word_1_150' title='bbox 524 2623 627 2687; x_wconf 91' lang='lat' dir='ltr'>neque</span> <span class='ocrx_word' id='word_1_151' title='bbox 654 2605 723 2668; x_wconf 89' lang='lat' dir='ltr'>iure</span> <span class='ocrx_word' id='word_1_152' title='bbox 742 2601 910 2689; x_wconf 88' lang='lat' dir='ltr'>prohibere</span> <span class='ocrx_word' id='word_1_153' title='bbox 934 2606 1048 2688; x_wconf 84' lang='lat' dir='ltr'>potero</span> <span class='ocrx_word' id='word_1_154' title='bbox 1070 2609 1174 2688; x_wconf 79' lang='lat' dir='ltr'>neqn&#39;c</span> <span class='ocrx_word' id='word_1_155' title='bbox 1194 2601 1273 2668; x_wconf 79' lang='lat' dir='ltr'>mini</span> 
     </span>
    </p>
   </div>
   <div class='ocr_carea' id='block_1_4' title="bbox 79 2717 1417 2944">
    <p class='ocr_par' dir='ltr' id='par_1_4' title="bbox 79 2717 1417 2944">
     <span class='ocr_line' id='line_1_18' title="bbox 196 2717 1417 2850; baseline -0.002 -63"><span class='ocrx_word' id='word_1_156' title='bbox 196 2720 304 2787; x_wconf 77' lang='lat' dir='ltr'>licebit</span> <span class='ocrx_word' id='word_1_157' title='bbox 332 2720 446 2786; x_wconf 86' lang='lat' dir='ltr'>eodcrn</span> <span class='ocrx_word' id='word_1_158' title='bbox 473 2723 613 2850; x_wconf 85' lang='lat' dir='ltr'>tempore</span> <span class='ocrx_word' id='word_1_159' title='bbox 647 2721 758 2786; x_wconf 85' lang='lat' dir='ltr'>codem</span> <span class='ocrx_word' id='word_1_160' title='bbox 778 2719 922 2786; x_wconf 82' lang='lat' dir='ltr'>itincre</span> <span class='ocrx_word' id='word_1_161' title='bbox 913 2739 959 2793; x_wconf 83' lang='lat' dir='ltr'>mc</span> <span class='ocrx_word' id='word_1_162' title='bbox 981 2741 1075 2804; x_wconf 83' lang='lat' dir='ltr'>cgere</span> <span class='ocrx_word' id='word_1_163' title='bbox 1097 2720 1159 2799; x_wconf 88' lang='lat' dir='ltr'>sic,</span> <span class='ocrx_word' id='word_1_164' title='bbox 1186 2723 1223 2785; x_wconf 88' lang='lat' dir='ltr'>ut</span> <span class='ocrx_word' id='word_1_165' title='bbox 1242 2722 1274 2784; x_wconf 85' lang='lat' dir='ltr'>te</span> <span class='ocrx_word' id='word_1_166' title='bbox 1333 2785 1338 2794; x_wconf 77' lang='grc'>,</span> <span class='ocrx_word' id='word_1_167' title='bbox 1411 2717 1417 2723; x_wconf 76' lang='grc'><strong>’</strong></span> 
     </span>
     <span class='ocr_line' id='line_1_19' title="bbox 79 2837 1152 2944; baseline -0.001 -42"><span class='ocrx_word' id='word_1_168' title='bbox 79 2935 86 2944; x_wconf 84' lang='lat'>.</span> <span class='ocrx_word' id='word_1_169' title='bbox 141 2913 145 2918; x_wconf 46' lang='grc'>,</span> <span class='ocrx_word' id='word_1_170' title='bbox 197 2837 375 2925; x_wconf 86' lang='lat' dir='ltr'>impediam.</span> <span class='ocrx_word' id='word_1_171' title='bbox 779 2843 788 2852; x_wconf 83' lang='lat'>&#39;</span> <span class='ocrx_word' id='word_1_172' title='bbox 1149 2843 1152 2850; x_wconf 83' lang='lat'>&#39;</span> 
     </span>
    </p>
   </div>
   <div class='ocr_carea' id='block_1_5' title="bbox 193 2954 1275 3630">
    <p class='ocr_par' dir='ltr' id='par_1_5' title="bbox 193 2954 1275 3630">
     <span class='ocr_line' id='line_1_20' title="bbox 266 2954 1274 3040; baseline 0 -19"><span class='ocrx_word' id='word_1_173' title='bbox 266 2954 319 3021; x_wconf 86' lang='lat' dir='ltr'>Sic</span> <span class='ocrx_word' id='word_1_174' title='bbox 340 2954 437 3039; x_wconf 85' lang='lat' dir='ltr'>igitur</span> <span class='ocrx_word' id='word_1_175' title='bbox 458 2954 687 3032; x_wconf 68' lang='lat' dir='ltr'>descendentes</span> <span class='ocrx_word' id='word_1_176' title='bbox 702 2973 742 3020; x_wconf 82' lang='lat' dir='ltr'>en</span> <span class='ocrx_word' id='word_1_177' title='bbox 759 2975 807 3039; x_wconf 87' lang='lat' dir='ltr'>ec,</span> <span class='ocrx_word' id='word_1_178' title='bbox 830 2954 946 3039; x_wconf 90' lang='lat' dir='ltr'>qnod&#39;</span> <span class='ocrx_word' id='word_1_179' title='bbox 937 2975 987 3020; x_wconf 86' lang='lat' dir='ltr'>rus</span> <span class='ocrx_word' id='word_1_180' title='bbox 1013 2955 1150 3021; x_wconf 86' lang='lat' dir='ltr'>faciendi</span> <span class='ocrx_word' id='word_1_181' title='bbox 1169 2956 1274 3040; x_wconf 88' lang='lat' dir='ltr'>quud</span> 
     </span>
     <span class='ocr_line' id='line_1_21' title="bbox 195 3071 1275 3158; baseline 0 -20"><span class='ocrx_word' id='word_1_182' title='bbox 195 3073 268 3138; x_wconf 87' lang='lat' dir='ltr'>dam</span> <span class='ocrx_word' id='word_1_183' title='bbox 306 3072 452 3138; x_wconf 74' lang='lat' dir='ltr'>domimus</span> <span class='ocrx_word' id='word_1_184' title='bbox 483 3071 531 3136; x_wconf 86' lang='lat' dir='ltr'>roi</span> <span class='ocrx_word' id='word_1_185' title='bbox 551 3071 721 3138; x_wconf 87' lang='lat' dir='ltr'>seruientis</span> <span class='ocrx_word' id='word_1_186' title='bbox 758 3072 910 3137; x_wconf 87' lang='lat' dir='ltr'>seruitute</span> <span class='ocrx_word' id='word_1_187' title='bbox 944 3073 1119 3139; x_wconf 86' lang='lat' dir='ltr'>constituta</span> <span class='ocrx_word' id='word_1_188' title='bbox 1149 3073 1275 3158; x_wconf 69' lang='lat' dir='ltr'>onmis,</span> 
     </span>
     <span class='ocr_line' id='line_1_22' title="bbox 195 3189 1274 3276; baseline 0.003 -21"><span class='ocrx_word' id='word_1_189' title='bbox 195 3194 290 3276; x_wconf 64' lang='lat' dir='ltr'>atque</span> <span class='ocrx_word' id='word_1_190' title='bbox 312 3194 516 3276; x_wconf 80' lang='lat' dir='ltr'>quaerentes,</span> <span class='ocrx_word' id='word_1_191' title='bbox 550 3191 643 3275; x_wconf 82' lang='lat' dir='ltr'>quola</span> <span class='ocrx_word' id='word_1_192' title='bbox 665 3194 880 3275; x_wconf 85' lang='lat' dir='ltr'>quantmnquc</span> <span class='ocrx_word' id='word_1_193' title='bbox 897 3189 940 3254; x_wconf 88' lang='lat' dir='ltr'>&#39;id</span> <span class='ocrx_word' id='word_1_194' title='bbox 960 3192 1018 3259; x_wconf 75' lang='lat' dir='ltr'>sic:</span> <span class='ocrx_word' id='word_1_195' title='bbox 1051 3195 1140 3256; x_wconf 81' lang='lat' dir='ltr'>recta</span> <span class='ocrx_word' id='word_1_196' title='bbox 1159 3195 1214 3258; x_wconf 85' lang='lat' dir='ltr'>uia</span> <span class='ocrx_word' id='word_1_197' title='bbox 1234 3213 1274 3258; x_wconf 85' lang='lat' dir='ltr'>co</span> 
     </span>
     <span class='ocr_line' id='line_1_23' title="bbox 193 3307 1272 3396; baseline 0.001 -22"><span class='ocrx_word' id='word_1_198' title='bbox 193 3309 414 3396; x_wconf 73' lang='lat' dir='ltr'>peremimus,</span> <span class='ocrx_word' id='word_1_199' title='bbox 435 3329 475 3374; x_wconf 87' lang='grc' dir='ltr'>ιιι</span> <span class='ocrx_word' id='word_1_200' title='bbox 495 3327 558 3393; x_wconf 88' lang='lat' dir='ltr'>quo</span> <span class='ocrx_word' id='word_1_201' title='bbox 580 3307 636 3372; x_wconf 87' lang='lat' dir='ltr'>alii</span> <span class='ocrx_word' id='word_1_202' title='bbox 657 3308 816 3373; x_wconf 85' lang='lat' dir='ltr'>oriuntur:</span> <span class='ocrx_word' id='word_1_203' title='bbox 844 3308 899 3393; x_wconf 75' lang='lat' dir='ltr'>quii</span> <span class='ocrx_word' id='word_1_204' title='bbox 924 3307 1155 3394; x_wconf 83' lang='lat' dir='ltr'>affirmetiuam,</span> <span class='ocrx_word' id='word_1_205' title='bbox 1176 3312 1272 3395; x_wconf 71' lang='lat' dir='ltr'>cuam</span> 
     </span>
     <span class='ocr_line' id='line_1_24' title="bbox 193 3425 1273 3512; baseline -0.002 -18"><span class='ocrx_word' id='word_1_206' title='bbox 193 3429 333 3500; x_wconf 83' lang='lat' dir='ltr'>uocant,</span> <span class='ocrx_word' id='word_1_207' title='bbox 362 3425 548 3504; x_wconf 79' lang='lat' dir='ltr'>seruitutem</span> <span class='ocrx_word' id='word_1_208' title='bbox 584 3426 772 3510; x_wconf 78' lang='lat' dir='ltr'>constituat,</span> <span class='ocrx_word' id='word_1_209' title='bbox 803 3425 853 3491; x_wconf 83' lang='lat' dir='ltr'>im</span> <span class='ocrx_word' id='word_1_210' title='bbox 874 3426 1078 3512; x_wconf 86' lang='lat' dir='ltr'>prohibendi,</span> <span class='ocrx_word' id='word_1_211' title='bbox 1107 3426 1192 3511; x_wconf 80' lang='lat' dir='ltr'>quod</span> <span class='ocrx_word' id='word_1_212' title='bbox 1213 3427 1273 3492; x_wconf 90' lang='lat' dir='ltr'>ha-</span> 
     </span>
     <span class='ocr_line' id='line_1_25' title="bbox 193 3543 1273 3630; baseline 0.002 -22"><span class='ocrx_word' id='word_1_213' title='bbox 193 3543 276 3628; x_wconf 83' lang='lat' dir='ltr'>beat,</span> <span class='ocrx_word' id='word_1_214' title='bbox 298 3563 338 3610; x_wconf 85' lang='lat' dir='ltr'>cx</span> <span class='ocrx_word' id='word_1_215' title='bbox 358 3544 499 3610; x_wconf 85' lang='lat' dir='ltr'>dominic</span> <span class='ocrx_word' id='word_1_216' title='bbox 510 3545 694 3628; x_wconf 85' lang='lat' dir='ltr'>extinguere</span> <span class='ocrx_word' id='word_1_217' title='bbox 714 3547 862 3630; x_wconf 84' lang='lat' dir='ltr'>respectu</span> <span class='ocrx_word' id='word_1_218' title='bbox 882 3544 992 3629; x_wconf 77' lang='lat' dir='ltr'>liuius,</span> <span class='ocrx_word' id='word_1_219' title='bbox 1015 3545 1066 3609; x_wconf 88' lang='lat' dir='ltr'>cui</span> <span class='ocrx_word' id='word_1_220' title='bbox 1084 3546 1273 3610; x_wconf 83' lang='lat' dir='ltr'>seruitutem</span> 
     </span>
    </p>
   </div>
   <div class='ocr_carea' id='block_1_6' title="bbox 193 3660 1399 3746">
    <p class='ocr_par' dir='ltr' id='par_1_6' title="bbox 193 3660 1399 3746">
     <span class='ocr_line' id='line_1_26' title="bbox 193 3660 1399 3746; baseline 0.006 -23"><span class='ocrx_word' id='word_1_221' title='bbox 193 3661 365 3728; x_wconf 72' lang='lat' dir='ltr'>concedit·</span> <span class='ocrx_word' id='word_1_222' title='bbox 386 3660 437 3726; x_wconf 88' lang='lat' dir='ltr'>Ex</span> <span class='ocrx_word' id='word_1_223' title='bbox 459 3683 497 3726; x_wconf 87' lang='lat' dir='ltr'>eu</span> <span class='ocrx_word' id='word_1_224' title='bbox 525 3667 631 3726; x_wconf 87' lang='lat' dir='ltr'>nutem</span> <span class='ocrx_word' id='word_1_225' title='bbox 668 3662 825 3726; x_wconf 82' lang='lat' dir='ltr'>sentcntin</span> <span class='ocrx_word' id='word_1_226' title='bbox 850 3682 917 3726; x_wconf 85' lang='lat' dir='ltr'>non</span> <span class='ocrx_word' id='word_1_227' title='bbox 950 3666 1035 3727; x_wconf 90' lang='lat' dir='ltr'>recte</span> <span class='ocrx_word' id='word_1_228' title='bbox 1067 3662 1272 3746; x_wconf 79' lang='lat' dir='ltr'>intellegitur,</span> <span class='ocrx_word' id='word_1_229' title='bbox 1396 3681 1399 3696; x_wconf 73' lang='lat'>¹</span> 
     </span>
    </p>
   </div>
   <div class='ocr_carea' id='block_1_7' title="bbox 190 3778 1331 4449">
    <p class='ocr_par' dir='ltr' id='par_1_7' title="bbox 190 3778 1331 4449">
     <span class='ocr_line' id='line_1_27' title="bbox 193 3778 1273 3864; baseline 0 -18"><span class='ocrx_word' id='word_1_230' title='bbox 193 3797 248 3846; x_wconf 84' lang='lat' dir='ltr'>cur</span> <span class='ocrx_word' id='word_1_231' title='bbox 265 3789 308 3844; x_wconf 82' lang='lat' dir='ltr'>&#39;cc</span> <span class='ocrx_word' id='word_1_232' title='bbox 330 3779 420 3864; x_wconf 81' lang='lat' dir='ltr'>ipso,</span> <span class='ocrx_word' id='word_1_233' title='bbox 440 3779 528 3864; x_wconf 86' lang='lat' dir='ltr'>quod</span> <span class='ocrx_word' id='word_1_234' title='bbox 547 3780 625 3844; x_wconf 85' lang='lat' dir='ltr'>alter</span> <span class='ocrx_word' id='word_1_235' title='bbox 647 3779 696 3844; x_wconf 88' lang='lat' dir='ltr'>ius</span> <span class='ocrx_word' id='word_1_236' title='bbox 718 3778 906 3864; x_wconf 81' lang='lat' dir='ltr'>prohibendi</span> <span class='ocrx_word' id='word_1_237' title='bbox 933 3778 1066 3860; x_wconf 84' lang='lat' dir='ltr'>omittit,</span> <span class='ocrx_word' id='word_1_238' title='bbox 1079 3779 1195 3845; x_wconf 71' lang='lat' dir='ltr'>‘statim</span> <span class='ocrx_word' id='word_1_239' title='bbox 1214 3781 1273 3846; x_wconf 67' lang='lat' dir='ltr'>ene</span> 
     </span>
     <span class='ocr_line' id='line_1_28' title="bbox 190 3895 1273 3980; baseline 0 -18"><span class='ocrx_word' id='word_1_240' title='bbox 190 3895 265 3962; x_wconf 83' lang='lat' dir='ltr'>inde</span> <span class='ocrx_word' id='word_1_241' title='bbox 287 3895 379 3964; x_wconf 80' lang='lat' dir='ltr'>alteri</span> <span class='ocrx_word' id='word_1_242' title='bbox 400 3895 465 3961; x_wconf 86' lang='lat' dir='ltr'>ine</span> <span class='ocrx_word' id='word_1_243' title='bbox 492 3896 628 3962; x_wconf 79' lang='lat' dir='ltr'>faciendi</span> <span class='ocrx_word' id='word_1_244' title='bbox 650 3896 808 3980; x_wconf 82' lang='lat' dir='ltr'>quoddam</span> <span class='ocrx_word' id='word_1_245' title='bbox 836 3897 1029 3962; x_wconf 71' lang='lat' dir='ltr'>enascatur?</span> <span class='ocrx_word' id='word_1_246' title='bbox 1047 3919 1050 3927; x_wconf 69' lang='grc'>’</span> <span class='ocrx_word' id='word_1_247' title='bbox 1071 3897 1200 3972; x_wconf 53' lang='lat' dir='ltr'>Deinde*</span> <span class='ocrx_word' id='word_1_248' title='bbox 1216 3899 1273 3976; x_wconf 69' lang='grc' dir='ltr'>ρι’-</span> 
     </span>
     <span class='ocr_line' id='line_1_29' title="bbox 191 4012 1270 4100; baseline 0 -22"><span class='ocrx_word' id='word_1_249' title='bbox 191 4016 307 4096; x_wconf 74' lang='lat' dir='ltr'>guntur</span> <span class='ocrx_word' id='word_1_250' title='bbox 340 4012 433 4078; x_wconf 89' lang='lat' dir='ltr'>istius</span> <span class='ocrx_word' id='word_1_251' title='bbox 470 4013 647 4078; x_wconf 80' lang='lat' dir='ltr'>sententiae</span> <span class='ocrx_word' id='word_1_252' title='bbox 676 4017 821 4079; x_wconf 85' lang='lat' dir='ltr'>auctores</span> <span class='ocrx_word' id='word_1_253' title='bbox 854 4013 1025 4078; x_wconf 88' lang='lat' dir='ltr'>seruitutes</span> <span class='ocrx_word' id='word_1_254' title='bbox 1059 4013 1093 4078; x_wconf 92' lang='lat' dir='ltr'>in</span> <span class='ocrx_word' id='word_1_255' title='bbox 1120 4015 1270 4100; x_wconf 79' lang='lat' dir='ltr'>patiendo</span> 
     </span>
     <span class='ocr_line' id='line_1_30' title="bbox 191 4129 1273 4210; baseline 0.002 -16"><span class='ocrx_word' id='word_1_256' title='bbox 191 4129 272 4194; x_wconf 86' lang='lat' dir='ltr'>inter</span> <span class='ocrx_word' id='word_1_257' title='bbox 293 4132 325 4194; x_wconf 89' lang='grc' dir='ltr'>ιι</span> <span class='ocrx_word' id='word_1_258' title='bbox 346 4129 378 4194; x_wconf 91' lang='lat' dir='ltr'>in</span> <span class='ocrx_word' id='word_1_259' title='bbox 402 4149 466 4196; x_wconf 88' lang='lat' dir='ltr'>non</span> <span class='ocrx_word' id='word_1_260' title='bbox 479 4129 624 4196; x_wconf 86' lang='lat' dir='ltr'>iaciendo</span> <span class='ocrx_word' id='word_1_261' title='bbox 639 4131 850 4194; x_wconf 79' lang='lat' dir='ltr'>consistentes</span> <span class='ocrx_word' id='word_1_262' title='bbox 877 4129 910 4194; x_wconf 94' lang='lat' dir='ltr'>id</span> <span class='ocrx_word' id='word_1_263' title='bbox 932 4129 1101 4194; x_wconf 85' lang='lat' dir='ltr'>discrimen</span> <span class='ocrx_word' id='word_1_264' title='bbox 1123 4133 1273 4210; x_wconf 70' lang='lat' dir='ltr'>atemere,</span> 
     </span>
     <span class='ocr_line' id='line_1_31' title="bbox 190 4224 1331 4334; baseline 0 -20"><span class='ocrx_word' id='word_1_265' title='bbox 190 4246 277 4330; x_wconf 72' lang='lat' dir='ltr'>qued</span> <span class='ocrx_word' id='word_1_266' title='bbox 307 4245 342 4312; x_wconf 90' lang='lat' dir='ltr'>in</span> <span class='ocrx_word' id='word_1_267' title='bbox 373 4244 438 4310; x_wconf 88' lang='lat' dir='ltr'>illis</span> <span class='ocrx_word' id='word_1_268' title='bbox 473 4246 704 4312; x_wconf 81' lang='lat' dir='ltr'>constituendis</span> <span class='ocrx_word' id='word_1_269' title='bbox 737 4246 787 4310; x_wconf 92' lang='lat' dir='ltr'>ius</span> <span class='ocrx_word' id='word_1_270' title='bbox 817 4246 978 4331; x_wconf 81' lang='lat' dir='ltr'>quoddam</span> <span class='ocrx_word' id='word_1_271' title='bbox 999 4248 1206 4334; x_wconf 78' lang='lat' dir='ltr'>prohibendi,</span> <span class='ocrx_word' id='word_1_272' title='bbox 1236 4249 1296 4318; x_wconf 84' lang='lat' dir='ltr'>iu¹</span> <span class='ocrx_word' id='word_1_273' title='bbox 1327 4224 1331 4232; x_wconf 34' lang='lat'><strong><em>⁴</em></strong></span> 
     </span>
     <span class='ocr_line' id='line_1_32' title="bbox 190 4362 1270 4449; baseline 0.005 -22"><span class='ocrx_word' id='word_1_274' title='bbox 190 4362 258 4434; x_wconf 19' lang='lat' dir='ltr'>hisi</span> <span class='ocrx_word' id='word_1_275' title='bbox 285 4362 334 4434; x_wconf 88' lang='lat' dir='ltr'>ius</span> <span class='ocrx_word' id='word_1_276' title='bbox 363 4362 499 4430; x_wconf 85' lang='lat' dir='ltr'>faciendi</span> <span class='ocrx_word' id='word_1_277' title='bbox 525 4363 646 4449; x_wconf 80' lang='lat' dir='ltr'>aliquid</span> <span class='ocrx_word' id='word_1_278' title='bbox 679 4384 718 4430; x_wconf 81' lang='lat' dir='ltr'>cx</span> <span class='ocrx_word' id='word_1_279' title='bbox 750 4363 1084 4431; x_wconf 51' lang='lat' dir='ltr'>¹donninio&#39;acruicntc</span> <span class='ocrx_word' id='word_1_280' title='bbox 1118 4366 1270 4436; x_wconf 77' lang='lat' dir='ltr'>delectur.</span> 
     </span>
    </p>
   </div>
   <div class='ocr_carea' id='block_1_8' title="bbox 0 0 1550 5258">
    <p class='ocr_par' dir='ltr' id='par_1_8' title="bbox 0 0 1550 5258">
     <span class='ocr_line' id='line_1_33' title="bbox 0 0 1550 5258; baseline 0 2"><span class='ocrx_word' id='word_1_281' title='bbox 0 0 1550 5258; x_wconf 95' lang='lat' dir='ltr'> </span> 
     </span>
    </p>
   </div>
  </div>
 </body>
</html>
